3020 5124
484 879 804 990 resersus.

225 1293 273 1366 In
300 1297 446 1369 diuersa
461 1299 639 1392 soricem,
672 1319 741 1390 quo
774 1304 934 1365 ueterum
971 1295 1125 1389 scripto·
1229 1319 1238 1334 ·

163 1445 248 1492 rum
275 1425 448 1521 reliquiae
476 1449 560 1494 usae
588 1431 687 1502 sunt,
716 1423 751 1490 si
775 1426 968 1515 pessimam
993 1445 1124 1516 euper-

167 1555 243 1616 tou
270 1572 343 1617 esse
377 1547 628 1642 Antbologiam
663 1544 840 1616 Graecam
870 1546 1122 1639 affirmavero,

167 1695 259 1741 uera
289 1673 411 1742 dicere
435 1674 580 1742 uidebor
611 1672 667 1740 uel
690 1675 723 1740 ei
753 1675 816 1764 qui
839 1673 1026 1742 olitionem
1052 1697 1127 1741 om·

166 1797 270 1864 uium
288 1795 553 1866 limotissimam
571 1819 594 1862 a
616 1794 793 1874 Iacobsio‚
816 1797 1015 1866 venerando
1029 1821 1128 1878 scite,

169 1917 408 2014 Autlcologiac
444 1923 677 2013 sospitatore,
699 2001 701 2004 ¹
710 1931 954 2012 procuratam
990 1925 1130 2015 raptim

162 2053 380 2139 percurrat.
431 2041 467 2114 T
463 2053 499 2113 ot
530 2047 623 2113 enim
652 2069 858 2142 unoquoque
875 2048 963 2138 sere
988 2049 1130 2140 pagina

169 2169 390 2264 singulisque
426 2171 745 2264 epigrammatibus
771 2174 950 2265 ,oppletae
988 2175 1131 2268 compi*
1213 2150 1215 2158 ,

171 2298 325 2364 ciuntur
347 2295 636 2388 corruptelarum
653 2304 773 2374 uotae,
797 2304 837 2364 ut
860 2321 930 2364 nou
952 2300 1069 2366 mirer
1085 2298 1131 2367 il-

171 2421 227 2490 los
246 2421 308 2514 qui
328 2429 490 2490 ueterum
509 2421 651 2514 scripta
679 2429 817 2492 tautum
843 2421 894 2490 acl
903 2421 1032 2514 pulcri
1054 2447 1131 2494 scu·

173 2569 253 2614 sum
278 2543 445 2615 alendum
475 2545 594 2639 legere
624 2544 756 2625 solenti.
782 2547 837 2614 ab
853 2570 896 2615 ea
924 2549 1130 2617 accuratius

174 2671 400 2765 euploranolo
426 2672 619 2740 deterreri.
677 2651 1017 2766 Quo·³‘''atttgeuaore
1040 2697 1131 2743 cura

173 2797 365 2878 adbibita,
398 2797 439 2866 iu
473 2795 716 2890 compluribus
737 2806 937 2890 praetcrea
967 2799 1132 2896 haerebis

171 2919 282 3000 locis,
313 2921 493 2990 ulceribus
511 2923 632 3000 ὑπούλοις
660 2923 822 3016 afflictis,
852 2948 937 3016 quos
956 2947 980 2990 a
1001 2949 1132 3018 gram·

171 3043 321 3116 malleis
339 3042 396 3111 acl
413 3045 530 3110 miuus
546 3045 740 3114 intellectos
760 3046 818 3115 uel
840 3072 909 3116 nou
938 3051 1030 3117 satis
1050 3051 1097 3141 pl
1116 3087 1132 3106 ·

173 3189 218 3242 ne
252 3177 412 3262 recteque
449 3177 623 3238 tractatos
652 3178 687 3238 et
722 3178 865 3238 sanatos
894 3193 967 3238 csse
996 3172 1134 3242 idoneis

175 3297 403 3390 argumentis
444 3293 686 3364 dernenstrare
715 3315 823 3386 posse
858 3294 925 3363 tili
960 3296 1137 3366 videaris,

175 3421 306 3516 Neque
326 3420 530 3490 mirandum
543 3420 608 3490 boc
623 3429 675 3489 cst
689 3421 729 3488 iu
747 3445 784 3489 eo
803 3445 923 3514 opere,
941 3423 1036 3515 quocl
1051 3449 1133 3515 quo-

179 3553 251 3620 ties
278 3549 318 3615 iu
343 3571 451 3614 nouas
470 3547 619 3637 formas
647 3555 821 3615 mutatum
850 3555 919 3626 cst,
945 3550 1047 3618 toties
1066 3571 1138 3620 nou

179 3681 324 3744 tontum
332 3671 570 3740 librariorum
580 3671 819 3765 negligentia,
839 3672 904 3742 secl
915 3697 1036 3742 eorum
1051 3699 1138 3768 quo·

178 3825 269 3894 que,
295 3799 356 3892 qui
375 3798 574 3866 carminum
595 3806 849 3868 contemnerent
868 3821 1031 3878 coronas,
1056 3799 1137 3868 libi·

177 3925 267 3994 cline
278 3923 320 3992 (le
322 3923 485 4014 pristino
498 3924 615 3992 nitore
635 3925 767 3991 acciat.
794 3917 1025 4022 Antiquiores
1044 3926 1139 3992 cuim

165 4057 261 4144 post
282 4045 510 4142 Meleagrum
521 4043 819 4146 Autlcologiarum
838 4048 1037 4121 conditores
1050 4047 1139 4142 plu-
