2914 5124
712 541 907 609 4398..

341 744 458 809 magara
488 724 623 788 varietas
652 730 698 786 ast
727 724 759 788 in
789 725 975 802 codicibus,
1010 747 1150 813 quorum
1171 728 1294 815 plurimi

339 845 519 928 optimique
539 839 694 924 praebent
713 841 895 924 εὐθυνόμων
917 843 1042 918 ’Orrdsrc
1062 853 1093 908 et
1116 849 1222 912 κεύθει
1243 852 1292 912 sd·

339 985 405 1044 μων
426 960 574 1032 Ὀπόεις,
598 953 779 1040 exquibus
809 956 941 1020 Poetam
972 958 1131 1042 scripsisse
1159 959 1294 1024 coniicio

339 1082 488 1140 κενθάνει
516 1061 573 1136 ὧδ’
592 1073 727 1146 Ὀπόεις.
772 1071 935 1134 Audacior
960 1081 1005 1136 est
1029 1073 1160 1157 Rerglrii
1187 1075 1293 1138 conie-

338 1201 449 1266 ctura,
475 1209 573 1274 quam
593 1187 692 1250 textui
714 1197 820 1251 tamen
830 1187 934 1251 intulit
955 1187 1008 1270 ἣδε
1025 1189 1150 1258 atauo?
1172 1191 1295 1266 Ὀπόεις

337 1309 371 1372 in
392 1307 498 1393 Lyrio.
522 1305 577 1370 Gr.
599 1326 633 1390 p.
656 1304 731 1370 777.

381 1424 420 1486 ln
444 1422 509 1486 line
537 1420 706 1485 voluminis
730 1418 862 1483 secundi
889 1417 1102 1504 Antbologiae
1129 1420 1293 1486 Palatinae

243 1617 246 1622 Ι
335 1539 501 1603 lacobsius
520 1537 691 1622 separatim
710 1535 811 1598 edidit
830 1537 1061 1620 epigrammata
1079 1556 1099 1600 a
1125 1535 1292 1600 Pococlrio

334 1677 374 1720 ex
394 1653 569 1718 llamnouis
587 1651 718 1717 Colosso
746 1649 927 1734 descripta,
958 1671 1047 1735 quae.
1066 1651 1184 1718 vitiosis
1214 1672 1293 1738 apo-

333 1770 463 1857 graphis
483 1791 557 1834 usus
579 1769 623 1831 ita
643 1769 690 1831 vir
719 1767 904 1853 praeclarus
933 1767 1085 1843 restituit,
1109 1777 1145 1830 ut
1175 1767 1292 1852 ingenii

333 1908 470 1952 acumen
503 1887 572 1950 iure
608 1885 741 1948 miraris.
793 1883 978 1948 Recttorem
1010 1889 1118 1945 tamen
1149 1883 1231 1948 viam
1259 1885 1292 1952 in

331 2004 493 2089 plerisque
510 2000 697 2064 monstrarit
718 1999 906 2068 Letronniua
924 1999 958 2063 in
978 1997 1210 2083 elegantissima
1228 1999 1292 2064 dis·

327 2119 496 2204 putatione
515 2117 556 2178 de
569 2114 744 2180 Memnonis
761 2121 883 2190 statua,
909 2113 966 2198 qui
986 2121 1139 2177 accurate
1156 2133 1195 2178 ex
1213 2115 1291 2199 lapi.

329 2234 424 2298 dibus
446 2233 642 2318 descriptum
671 2239 793 2294 textum
820 2229 941 2314 ubique
971 2227 1060 2292 dedit
1083 2239 1114 2292 et
1135 2231 1290 2296 nonnulla

327 2353 405 2417 sitia
429 2351 565 2415 feliciter
582 2349 718 2412 sustulit.
763 2347 871 2427 Quum
893 2355 1000 2412 autem
1021 2344 1102 2412 liber
1121 2346 1176 2410 ille
1194 2348 1291 2432 ipsius

326 2465 458 2531 editoris
475 2465 609 2530 consilio
630 2464 665 2526 iu
685 2483 866 2548 paucorum
890 2471 1016 2528 tantum
1036 2460 1201 2528 bominum
1222 2483 1289 2530 toa-

327 2604 387 2646 nus
406 2581 572 2666 pervenire
599 2579 721 2662 possit,
743 2599 810 2641 non
831 2578 941 2642 inutile
965 2597 1016 2643 me
1041 2579 1201 2646 facturum
1235 2600 1289 2642 ar·

326 2683 447 2773 bitror,
483 2697 508 2758 si
533 2715 571 2758 ea
603 2688 746 2758 carmina
776 2692 828 2755 hic
859 2712 993 2778 quoquc
1016 2693 1140 2779 integra
1163 2694 1287 2762 adseri.

325 2827 441 2900 praru,
465 2831 551 2897 quae
570 2809 661 2874 simul
674 2807 849 2885 Abrensio,
875 2811 932 2894 qui
953 2810 1289 2896 praeclaredepoetis

323 2927 532 2996 Aeolensibus
556 2925 792 3010 antiquioribus
819 2926 956 3006 meruit,
981 2926 1205 2992 commendata
1230 2947 1287 2992 re·

323 3048 391 3114 lim.
435 3045 563 3128 Scripta
590 3063 705 3127 nempe
726 3051 799 3104 sunt
828 3042 1000 3106 maximam
1029 3052 1155 3127 partem
1183 3043 1285 3108 diale-

323 3173 380 3228 cto
400 3159 570 3224 lleolicaa
596 3157 729 3222 muliere
754 3177 824 3221 nou
853 3158 985 3222 indocta
1009 3159 1092 3224 Iulia
1121 3143 1282 3238 Balbillo,

323 3300 410 3367 quac
437 3296 570 3342 uxorem
590 3275 741 3338 lladriani
764 3274 916 3340 Sabinam
939 3276 973 3340 in
1000 3275 1115 3340 itinere
1136 3295 1196 3362 par
1220 3278 1285 3340 Ae.

322 3405 458 3483 gyptum
475 3393 628 3458 comitata
651 3400 708 3457 est.
755 3391 833 3456 Usus
851 3391 981 3456 dialecti
1001 3392 1174 3470 Aeolicaa,
1197 3411 1282 3478 quas

322 3521 391 3574 tota
423 3529 462 3572 ex
490 3509 654 3576 homiuum
682 3529 739 3573 ore
772 3517 963 3583 evanuerat,
996 3517 1030 3572 et
1060 3529 1126 3572 non
1154 3508 1213 3578 nisi
1241 3529 1282 3578 ex

320 3635 490 3713 poetarum
504 3624 645 3707 reliquiis
666 3634 697 3686 et
710 3623 998 3687 Grammaticorum
1017 3623 1142 3707 scriptis
1158 3623 1280 3690 addisci

321 3749 471 3832 poterat,
495 3739 689 3805 coniunctus
714 3738 842 3802 videtur
860 3758 935 3802 cum
956 3739 1155 3824 imperatoris
1174 3740 1281 3804 studio

319 3860 494 3922 doctorum
525 3863 713 3941 poetarum,
738 3863 774 3918 ut
805 3853 950 3934 Rhiani,
973 3853 1014 3916 al.
1061 3854 1281 3938 Epigramma·

322 3985 391 4041 tum
417 3975 544 4039 illorum
569 3972 629 4036 tria
656 3971 730 4037 satis
758 3971 882 4055 integra
903 3967 945 4034 ad
964 3987 1022 4036 uos
1043 3979 1276 4053 pervenerunt,
