<?xml version="1.0" encoding="UTF-8"?>
<!DOCTYPE html PUBLIC "-//W3C//DTD XHTML 1.0 Transitional//EN"
    "http://www.w3.org/TR/xhtml1/DTD/xhtml1-transitional.dtd">
<html xmlns="http://www.w3.org/1999/xhtml" xml:lang="en" lang="en">
 <head>
  <title>
</title>
<meta http-equiv="Content-Type" content="text/html;charset=utf-8" />
  <meta name='ocr-system' content='tesseract 3.04.00' />
  <meta name='ocr-capabilities' content='ocr_page ocr_carea ocr_par ocr_line ocrx_word'/>
</head>
<body>
  <div class='ocr_page' id='page_1' title='image "./commentatiocrit00heckgoog_0316.png"; bbox 0 0 2932 5126; ppageno 0'>
   <div class='ocr_carea' id='block_1_1' title="bbox 583 465 782 530">
    <p class='ocr_par' dir='ltr' id='par_1_1' title="bbox 583 465 782 530">
     <span class='ocr_line' id='line_1_1' title="bbox 583 465 782 530; baseline 0 0"><span class='ocrx_word' id='word_1_1' title='bbox 583 465 782 530; x_wconf 40' lang='lat'>³293-</span> 
     </span>
    </p>
   </div>
   <div class='ocr_carea' id='block_1_2' title="bbox 187 645 1162 1084">
    <p class='ocr_par' dir='ltr' id='par_1_2' title="bbox 192 645 953 732">
     <span class='ocr_line' id='line_1_2' title="bbox 192 645 953 732; baseline -0.005 -18"><span class='ocrx_word' id='word_1_2' title='bbox 192 649 238 714; x_wconf 89' lang='lat' dir='ltr'><strong>cl.</strong></span> <span class='ocrx_word' id='word_1_3' title='bbox 261 645 345 712; x_wconf 88' lang='lat' dir='ltr'><strong>notis</strong></span> <span class='ocrx_word' id='word_1_4' title='bbox 363 645 406 710; x_wconf 91' lang='lat' dir='ltr'><strong>ad</strong></span> <span class='ocrx_word' id='word_1_5' title='bbox 434 667 465 712; x_wconf 89' lang='lat' dir='ltr'><strong>c.</strong></span> <span class='ocrx_word' id='word_1_6' title='bbox 486 645 560 714; x_wconf 74' lang='grc'><strong>491.</strong></span> <span class='ocrx_word' id='word_1_7' title='bbox 586 647 616 712; x_wconf 92' lang='lat' dir='ltr'><strong>l.</strong></span> <span class='ocrx_word' id='word_1_8' title='bbox 648 648 734 732; x_wconf 80' lang='lat' dir='ltr'><strong>app.</strong></span> <span class='ocrx_word' id='word_1_9' title='bbox 760 645 820 730; x_wconf 87' lang='lat' dir='ltr'><strong>Ep.</strong></span> <span class='ocrx_word' id='word_1_10' title='bbox 841 645 895 714; x_wconf 76' lang='lat'><strong>98.</strong></span> <span class='ocrx_word' id='word_1_11' title='bbox 921 648 953 712; x_wconf 82' lang='grc'><strong>3.</strong></span> 
     </span>
    </p>

    <p class='ocr_par' dir='ltr' id='par_1_3' title="bbox 187 762 1162 1084">
     <span class='ocr_line' id='line_1_3' title="bbox 238 762 1160 851; baseline -0.002 -16"><span class='ocrx_word' id='word_1_12' title='bbox 238 774 348 850; x_wconf 80' lang='grc' dir='ltr'><strong><em>Μοῖρα</em></strong></span> <span class='ocrx_word' id='word_1_13' title='bbox 359 790 408 840; x_wconf 86' lang='grc' dir='ltr'><strong>τις</strong></span> <span class='ocrx_word' id='word_1_14' title='bbox 426 762 564 840; x_wconf 71' lang='lat' dir='ltr'><strong>ninii-ror</strong></span> <span class='ocrx_word' id='word_1_15' title='bbox 588 767 643 830; x_wconf 82' lang='grc' dir='ltr'><strong>τὸν</strong></span> <span class='ocrx_word' id='word_1_16' title='bbox 655 763 824 851; x_wconf 83' lang='grc' dir='ltr'><strong><em>Ἀρίστων’</em></strong></span> <span class='ocrx_word' id='word_1_17' title='bbox 836 765 950 848; x_wconf 53' lang='lat' dir='ltr'><strong>&amp;paud</strong></span> <span class='ocrx_word' id='word_1_18' title='bbox 963 765 1019 832; x_wconf 74' lang='grc' dir='ltr'><strong>ἀπ’</strong></span> <span class='ocrx_word' id='word_1_19' title='bbox 1042 771 1138 851; x_wconf 80' lang='grc' dir='ltr'><strong><em>αὔρης</em></strong></span> <span class='ocrx_word' id='word_1_20' title='bbox 1151 813 1160 843; x_wconf 85' lang='grc'><strong>,</strong></span> 
     </span>
     <span class='ocr_line' id='line_1_4' title="bbox 190 879 1162 969; baseline 0.003 -23"><span class='ocrx_word' id='word_1_21' title='bbox 190 883 267 948; x_wconf 84' lang='lat'><strong>125.</strong></span> <span class='ocrx_word' id='word_1_22' title='bbox 293 883 324 948; x_wconf 89' lang='lat' dir='ltr'><strong>l.</strong></span> <span class='ocrx_word' id='word_1_23' title='bbox 347 879 430 956; x_wconf 65' lang='grc'><strong>148.</strong></span> <span class='ocrx_word' id='word_1_24' title='bbox 461 881 494 944; x_wconf 83' lang='grc'><strong>2.</strong></span> <span class='ocrx_word' id='word_1_25' title='bbox 540 887 650 968; x_wconf 80' lang='grc' dir='ltr'><strong><em>Μοῖρά</em></strong></span> <span class='ocrx_word' id='word_1_26' title='bbox 670 906 713 966; x_wconf 84' lang='grc' dir='ltr'><strong>,με</strong></span> <span class='ocrx_word' id='word_1_27' title='bbox 743 883 821 966; x_wconf 86' lang='grc' dir='ltr'><strong><em>πρὸς</em></strong></span> <span class='ocrx_word' id='word_1_28' title='bbox 851 880 1017 966; x_wconf 77' lang='grc' dir='ltr'><strong>θαλάμους</strong></span> <span class='ocrx_word' id='word_1_29' title='bbox 1044 887 1162 969; x_wconf 73' lang='grc' dir='ltr'><strong><em>ἥρπασε</em></strong></span> 
     </span>
     <span class='ocr_line' id='line_1_5' title="bbox 187 993 560 1084; baseline -0.016 -16"><span class='ocrx_word' id='word_1_30' title='bbox 187 1001 403 1084; x_wconf 70' lang='grc' dir='ltr'><strong>Φερσεφόνας.</strong></span> <span class='ocrx_word' id='word_1_31' title='bbox 424 993 503 1062; x_wconf 75' lang='lat' dir='ltr'><strong>tol.</strong></span> <span class='ocrx_word' id='word_1_32' title='bbox 524 993 560 1062; x_wconf 75' lang='lat' dir='ltr'><strong>a.</strong></span> 
     </span>
    </p>
   </div>
   <div class='ocr_carea' id='block_1_3' title="bbox 175 1109 1170 2482">
    <p class='ocr_par' dir='ltr' id='par_1_4' title="bbox 189 1109 1060 1316">
     <span class='ocr_line' id='line_1_6' title="bbox 653 1109 1060 1199; baseline 0 -19"><span class='ocrx_word' id='word_1_33' title='bbox 653 1113 835 1197; x_wconf 80' lang='grc' dir='ltr'><strong><em>οἷνήρπασεν</em></strong></span> <span class='ocrx_word' id='word_1_34' title='bbox 855 1117 965 1199; x_wconf 80' lang='grc' dir='ltr'><strong><em>ἄγριος</em></strong></span> <span class='ocrx_word' id='word_1_35' title='bbox 985 1109 1060 1182; x_wconf 78' lang='grc' dir='ltr'><strong><em>αἶσα</em></strong></span> 
     </span>
     <span class='ocr_line' id='line_1_7' title="bbox 189 1226 1017 1316; baseline 0.004 -21"><span class='ocrx_word' id='word_1_36' title='bbox 189 1275 192 1282; x_wconf 47' lang='lat'>1</span> <span class='ocrx_word' id='word_1_37' title='bbox 316 1230 453 1314; x_wconf 78' lang='grc' dir='ltr'><strong><em>τερπνὸν</em></strong></span> <span class='ocrx_word' id='word_1_38' title='bbox 474 1231 674 1314; x_wconf 75' lang='grc' dir='ltr'><strong><em>παρθενικὴν</em></strong></span> <span class='ocrx_word' id='word_1_39' title='bbox 693 1234 797 1306; x_wconf 80' lang='grc' dir='ltr'><strong><em>ἄνθος</em></strong></span> <span class='ocrx_word' id='word_1_40' title='bbox 818 1226 1017 1316; x_wconf 64' lang='grc' dir='ltr'><strong><em>Ἀθηναΐδα.</em></strong></span> 
     </span>
    </p>

    <p class='ocr_par' dir='ltr' id='par_1_5' title="bbox 175 1343 1170 2482">
     <span class='ocr_line' id='line_1_8' title="bbox 186 1343 1170 1434; baseline 0.002 -28"><span class='ocrx_word' id='word_1_41' title='bbox 186 1397 196 1406; x_wconf 77' lang='grc'><strong>,</strong></span> <span class='ocrx_word' id='word_1_42' title='bbox 231 1343 451 1412; x_wconf 82' lang='lat' dir='ltr'><strong>Callimachus</strong></span> <span class='ocrx_word' id='word_1_43' title='bbox 479 1365 553 1430; x_wconf 87' lang='lat' dir='ltr'><strong>cap.</strong></span> <span class='ocrx_word' id='word_1_44' title='bbox 576 1345 652 1412; x_wconf 83' lang='lat'>725.</span> <span class='ocrx_word' id='word_1_45' title='bbox 1168 1429 1170 1434; x_wconf 67' lang='lat'>‚</span> 
     </span>
     <span class='ocr_line' id='line_1_9' title="bbox 183 1445 1161 1547; baseline 0.001 -20"><span class='ocrx_word' id='word_1_46' title='bbox 183 1487 220 1527; x_wconf 91' lang='grc' dir='ltr'><strong>α.</strong></span> <span class='ocrx_word' id='word_1_47' title='bbox 235 1445 337 1529; x_wconf 71' lang='lat' dir='ltr'><strong>Aiace</strong></span> <span class='ocrx_word' id='word_1_48' title='bbox 361 1462 477 1542; x_wconf 77' lang='grc' dir='ltr'><strong>(καὶού</strong></span> <span class='ocrx_word' id='word_1_49' title='bbox 490 1466 549 1546; x_wconf 74' lang='grc' dir='ltr'><strong>γὰρ</strong></span> <span class='ocrx_word' id='word_1_50' title='bbox 568 1448 647 1541; x_wconf 77' lang='grc' dir='ltr'><strong><em>ὧδε,</em></strong></span> <span class='ocrx_word' id='word_1_51' title='bbox 670 1459 895 1547; x_wconf 77' lang='grc' dir='ltr'><strong><em>Μενέκρατες,</em></strong></span> <span class='ocrx_word' id='word_1_52' title='bbox 919 1461 1025 1528; x_wconf 75' lang='grc' dir='ltr'><strong><em>οὐκέτι</em></strong></span> <span class='ocrx_word' id='word_1_53' title='bbox 1042 1461 1161 1540; x_wconf 75' lang='grc' dir='ltr'><strong><em>πουλολς</em></strong></span> 
     </span>
     <span class='ocr_line' id='line_1_10' title="bbox 266 1575 1068 1665; baseline -0.002 -19"><span class='ocrx_word' id='word_1_54' title='bbox 266 1575 386 1664; x_wconf 74' lang='grc' dir='ltr'><strong>Ιἦσθα)</strong></span> <span class='ocrx_word' id='word_1_55' title='bbox 411 1581 444 1644; x_wconf 78' lang='grc' dir='ltr'><strong>τί</strong></span> <span class='ocrx_word' id='word_1_56' title='bbox 464 1603 517 1657; x_wconf 80' lang='grc' dir='ltr'><strong>σε,</strong></span> <span class='ocrx_word' id='word_1_57' title='bbox 541 1579 654 1656; x_wconf 81' lang='grc' dir='ltr'><strong><em>ξείνων</em></strong></span> <span class='ocrx_word' id='word_1_58' title='bbox 677 1577 796 1665; x_wconf 80' lang='grc' dir='ltr'><strong><em>λῷστε,</em></strong></span> <span class='ocrx_word' id='word_1_59' title='bbox 820 1585 1068 1664; x_wconf 73' lang='grc' dir='ltr'><strong><em>κατειργάσατος</em></strong></span> 
     </span>
     <span class='ocr_line' id='line_1_11' title="bbox 181 1692 1160 1783; baseline 0 -21"><span class='ocrx_word' id='word_1_60' title='bbox 181 1743 189 1754; x_wconf 73' lang='lat'><em>·</em></span> <span class='ocrx_word' id='word_1_61' title='bbox 228 1692 308 1780; x_wconf 55' lang='lat' dir='ltr'><strong>ipio</strong></span> <span class='ocrx_word' id='word_1_62' title='bbox 324 1699 360 1764; x_wconf 84' lang='grc' dir='ltr'><strong>τὸ</strong></span> <span class='ocrx_word' id='word_1_63' title='bbox 380 1699 433 1762; x_wconf 79' lang='grc' dir='ltr'><strong>καὶ</strong></span> <span class='ocrx_word' id='word_1_64' title='bbox 452 1696 656 1782; x_wconf 66' lang='grc' dir='ltr'><strong><em>Κένταυρονξ</em></strong></span> <span class='ocrx_word' id='word_1_65' title='bbox 682 1698 745 1783; x_wconf 59' lang='lat' dir='ltr'><strong>(hd</strong></span> <span class='ocrx_word' id='word_1_66' title='bbox 763 1721 818 1779; x_wconf 88' lang='grc' dir='ltr'><strong>μοι</strong></span> <span class='ocrx_word' id='word_1_67' title='bbox 840 1696 1042 1781; x_wconf 79' lang='grc' dir='ltr'><strong><em>πεπρωμένος</em></strong></span> <span class='ocrx_word' id='word_1_68' title='bbox 1059 1700 1160 1776; x_wconf 77' lang='grc' dir='ltr'><strong><em>ὕπνος</em></strong></span> 
     </span>
     <span class='ocr_line' id='line_1_12' title="bbox 268 1807 1082 1901; baseline 0.006 -25"><span class='ocrx_word' id='word_1_69' title='bbox 268 1808 390 1895; x_wconf 76' lang='grc' dir='ltr'><strong><em>ἦλθεν,</em></strong></span> <span class='ocrx_word' id='word_1_70' title='bbox 414 1816 432 1878; x_wconf 92' lang='lat' dir='ltr'><strong>o‘</strong></span> <span class='ocrx_word' id='word_1_71' title='bbox 456 1812 491 1878; x_wconf 76' lang='grc' dir='ltr'><strong>δέ</strong></span> <span class='ocrx_word' id='word_1_72' title='bbox 511 1812 636 1894; x_wconf 81' lang='grc' dir='ltr'><strong><em>τλήμων</em></strong></span> <span class='ocrx_word' id='word_1_73' title='bbox 658 1807 743 1890; x_wconf 78' lang='grc' dir='ltr'><strong><em>οἶνος</em></strong></span> <span class='ocrx_word' id='word_1_74' title='bbox 764 1815 829 1901; x_wconf 75' lang='grc' dir='ltr'><strong>ἔχει</strong></span> <span class='ocrx_word' id='word_1_75' title='bbox 848 1818 1020 1899; x_wconf 80' lang='grc' dir='ltr'><strong><em>πρόφασιν.</em></strong></span> <span class='ocrx_word' id='word_1_76' title='bbox 1080 1882 1082 1898; x_wconf 27' lang='grc' dir='ltr'><em>Λ</em></span> 
     </span>
     <span class='ocr_line' id='line_1_13' title="bbox 179 1927 1159 2015; baseline -0.004 -21"><span class='ocrx_word' id='word_1_77' title='bbox 179 1927 390 2015; x_wconf 82' lang='lat' dir='ltr'>Epigramma</span> <span class='ocrx_word' id='word_1_78' title='bbox 421 1928 485 1993; x_wconf 87' lang='lat' dir='ltr'><strong>hoo</strong></span> <span class='ocrx_word' id='word_1_79' title='bbox 506 1929 728 1994; x_wconf 84' lang='lat' dir='ltr'><strong>infelicissimis</strong></span> <span class='ocrx_word' id='word_1_80' title='bbox 758 1930 948 1996; x_wconf 81' lang='lat' dir='ltr'><strong>criticorum</strong></span> <span class='ocrx_word' id='word_1_81' title='bbox 971 1929 1159 1996; x_wconf 79' lang='lat' dir='ltr'><strong>tentamini.</strong></span> 
     </span>
     <span class='ocr_line' id='line_1_14' title="bbox 176 2045 1155 2133; baseline 0.002 -24"><span class='ocrx_word' id='word_1_82' title='bbox 176 2045 243 2110; x_wconf 87' lang='lat' dir='ltr'><strong>bus</strong></span> <span class='ocrx_word' id='word_1_83' title='bbox 274 2045 405 2112; x_wconf 77' lang='lat' dir='ltr'><strong>infame.</strong></span> <span class='ocrx_word' id='word_1_84' title='bbox 451 2047 507 2122; x_wconf 64' lang='lat' dir='ltr'><strong>Vs,</strong></span> <span class='ocrx_word' id='word_1_85' title='bbox 531 2046 560 2112; x_wconf 87' lang='lat' dir='ltr'><strong>l.</strong></span> <span class='ocrx_word' id='word_1_86' title='bbox 594 2048 695 2114; x_wconf 78' lang='lat' dir='ltr'><strong>At&#39;rra</strong></span> <span class='ocrx_word' id='word_1_87' title='bbox 723 2047 953 2133; x_wconf 84' lang='lat' dir='ltr'><strong>interpretatus</strong></span> <span class='ocrx_word' id='word_1_88' title='bbox 969 2057 1015 2112; x_wconf 87' lang='lat' dir='ltr'><strong>est</strong></span> <span class='ocrx_word' id='word_1_89' title='bbox 1037 2045 1155 2111; x_wconf 85' lang='lat' dir='ltr'><strong>Ruhn-</strong></span> 
     </span>
     <span class='ocr_line' id='line_1_15' title="bbox 175 2161 1154 2242; baseline 0.002 -16"><span class='ocrx_word' id='word_1_90' title='bbox 175 2161 294 2226; x_wconf 82' lang='lat' dir='ltr'><strong>kenius</strong></span> <span class='ocrx_word' id='word_1_91' title='bbox 326 2162 443 2229; x_wconf 81' lang='lat' dir='ltr'><strong>«urbe</strong></span> <span class='ocrx_word' id='word_1_92' title='bbox 472 2163 564 2228; x_wconf 77' lang='lat' dir='ltr'><strong>Aeno</strong></span> <span class='ocrx_word' id='word_1_93' title='bbox 592 2162 771 2242; x_wconf 83' lang='lat' dir='ltr'><strong>oriunde,”</strong></span> <span class='ocrx_word' id='word_1_94' title='bbox 795 2173 827 2227; x_wconf 84' lang='lat' dir='ltr'><strong>et</strong></span> <span class='ocrx_word' id='word_1_95' title='bbox 857 2184 935 2230; x_wconf 86' lang='lat' dir='ltr'><strong>sane</strong></span> <span class='ocrx_word' id='word_1_96' title='bbox 965 2184 1052 2228; x_wconf 88' lang='lat' dir='ltr'><strong>mors</strong></span> <span class='ocrx_word' id='word_1_97' title='bbox 1083 2165 1154 2228; x_wconf 81' lang='lat' dir='ltr'><strong>tatis</strong></span> 
     </span>
     <span class='ocr_line' id='line_1_16' title="bbox 177 2277 1155 2365; baseline -0.001 -22"><span class='ocrx_word' id='word_1_98' title='bbox 177 2277 309 2363; x_wconf 79' lang='lat' dir='ltr'><strong>egregie</strong></span> <span class='ocrx_word' id='word_1_99' title='bbox 333 2278 486 2343; x_wconf 83' lang='lat' dir='ltr'><strong>convenit</strong></span> <span class='ocrx_word' id='word_1_100' title='bbox 515 2279 550 2344; x_wconf 90' lang='lat' dir='ltr'><strong>in</strong></span> <span class='ocrx_word' id='word_1_101' title='bbox 570 2279 748 2356; x_wconf 81' lang='lat' dir='ltr'><strong>Thracem,</strong></span> <span class='ocrx_word' id='word_1_102' title='bbox 772 2300 859 2365; x_wconf 88' lang='lat' dir='ltr'><strong>qnae</strong></span> <span class='ocrx_word' id='word_1_103' title='bbox 880 2301 958 2365; x_wconf 85' lang='lat' dir='ltr'><strong>gens</strong></span> <span class='ocrx_word' id='word_1_104' title='bbox 978 2279 1155 2343; x_wconf 84' lang='lat' dir='ltr'><strong>fortissimis</strong></span> 
     </span>
     <span class='ocr_line' id='line_1_17' title="bbox 179 2392 1153 2482; baseline -0.002 -23"><span class='ocrx_word' id='word_1_105' title='bbox 179 2393 466 2480; x_wconf 80' lang='lat' dir='ltr'><strong>computatoribus</strong></span> <span class='ocrx_word' id='word_1_106' title='bbox 486 2392 695 2472; x_wconf 76' lang='lat' dir='ltr'><strong>abundabat,</strong></span> <span class='ocrx_word' id='word_1_107' title='bbox 720 2395 763 2460; x_wconf 83' lang='lat' dir='ltr'><strong>cf.</strong></span> <span class='ocrx_word' id='word_1_108' title='bbox 784 2394 873 2482; x_wconf 30' lang='lat' dir='ltr'><strong>Call..</strong></span> <span class='ocrx_word' id='word_1_109' title='bbox 887 2396 928 2460; x_wconf 90' lang='lat' dir='ltr'><strong>fr.</strong></span> <span class='ocrx_word' id='word_1_110' title='bbox 949 2395 1021 2462; x_wconf 81' lang='lat'>109.</span> <span class='ocrx_word' id='word_1_111' title='bbox 1047 2395 1077 2460; x_wconf 91' lang='lat' dir='ltr'><strong>l.</strong></span> <span class='ocrx_word' id='word_1_112' title='bbox 1113 2395 1153 2458; x_wconf 88' lang='lat' dir='ltr'><strong>ln</strong></span> 
     </span>
    </p>
   </div>
   <div class='ocr_carea' id='block_1_4' title="bbox 173 2511 1277 2598">
    <p class='ocr_par' dir='ltr' id='par_1_6' title="bbox 173 2511 1277 2598">
     <span class='ocr_line' id='line_1_18' title="bbox 173 2511 1277 2598; baseline 0 -22"><span class='ocrx_word' id='word_1_113' title='bbox 173 2511 243 2576; x_wconf 86' lang='lat' dir='ltr'><strong>fine</strong></span> <span class='ocrx_word' id='word_1_114' title='bbox 266 2531 375 2578; x_wconf 83' lang='lat' dir='ltr'><strong>versus</strong></span> <span class='ocrx_word' id='word_1_115' title='bbox 396 2512 547 2577; x_wconf 83' lang='lat' dir='ltr'><strong>revocavi</strong></span> <span class='ocrx_word' id='word_1_116' title='bbox 577 2511 702 2577; x_wconf 83' lang='lat' dir='ltr'><strong>codicis</strong></span> <span class='ocrx_word' id='word_1_117' title='bbox 725 2512 921 2592; x_wconf 83' lang='lat' dir='ltr'><strong>tectionem,</strong></span> <span class='ocrx_word' id='word_1_118' title='bbox 944 2531 1030 2598; x_wconf 89' lang='lat' dir='ltr'><strong>quae</strong></span> <span class='ocrx_word' id='word_1_119' title='bbox 1047 2511 1153 2576; x_wconf 88' lang='lat' dir='ltr'><strong>minus</strong></span> <span class='ocrx_word' id='word_1_120' title='bbox 1275 2525 1277 2540; x_wconf 90' lang='grc'><strong><em>·</em></strong></span> 
     </span>
    </p>
   </div>
   <div class='ocr_carea' id='block_1_5' title="bbox 150 2625 1152 4110">
    <p class='ocr_par' dir='ltr' id='par_1_7' title="bbox 150 2625 1152 4110">
     <span class='ocr_line' id='line_1_19' title="bbox 172 2625 1152 2715; baseline -0.002 -21"><span class='ocrx_word' id='word_1_121' title='bbox 172 2627 347 2715; x_wconf 82' lang='lat' dir='ltr'><strong>expedita,</strong></span> <span class='ocrx_word' id='word_1_122' title='bbox 370 2629 487 2694; x_wconf 89' lang='lat' dir='ltr'><strong>iniuria</strong></span> <span class='ocrx_word' id='word_1_123' title='bbox 508 2627 638 2693; x_wconf 76' lang='lat' dir='ltr'><strong>ridetur</strong></span> <span class='ocrx_word' id='word_1_124' title='bbox 670 2627 747 2692; x_wconf 90' lang='lat' dir='ltr'><strong>inde</strong></span> <span class='ocrx_word' id='word_1_125' title='bbox 771 2649 791 2692; x_wconf 86' lang='lat' dir='ltr'><strong>a</strong></span> <span class='ocrx_word' id='word_1_126' title='bbox 816 2625 947 2692; x_wconf 89' lang='lat' dir='ltr'><strong>Zedetio</strong></span> <span class='ocrx_word' id='word_1_127' title='bbox 968 2627 1003 2691; x_wconf 89' lang='lat' dir='ltr'><strong>in</strong></span> <span class='ocrx_word' id='word_1_128' title='bbox 1022 2629 1078 2694; x_wconf 82' lang='grc' dir='ltr'><strong>οὐκ</strong></span> <span class='ocrx_word' id='word_1_129' title='bbox 1097 2632 1152 2694; x_wconf 74' lang='grc' dir='ltr'><strong>ἐπὶ</strong></span> 
     </span>
     <span class='ocr_line' id='line_1_20' title="bbox 173 2743 1151 2827; baseline -0.004 -15"><span class='ocrx_word' id='word_1_130' title='bbox 173 2743 283 2812; x_wconf 75' lang='grc' dir='ltr'><strong><em>ποολν</em></strong></span> <span class='ocrx_word' id='word_1_131' title='bbox 301 2753 426 2809; x_wconf 87' lang='lat' dir='ltr'><strong>mutata</strong></span> <span class='ocrx_word' id='word_1_132' title='bbox 441 2764 528 2821; x_wconf 83' lang='lat' dir='ltr'><strong>esse,</strong></span> <span class='ocrx_word' id='word_1_133' title='bbox 553 2745 598 2810; x_wconf 83' lang='lat' dir='ltr'><strong>cf.</strong></span> <span class='ocrx_word' id='word_1_134' title='bbox 620 2744 702 2811; x_wconf 81' lang='lat' dir='ltr'><strong>can.</strong></span> <span class='ocrx_word' id='word_1_135' title='bbox 723 2743 817 2810; x_wconf 85' lang='lat' dir='ltr'><strong>Dian.</strong></span> <span class='ocrx_word' id='word_1_136' title='bbox 839 2746 912 2812; x_wconf 84' lang='lat'><strong>137.</strong></span> <span class='ocrx_word' id='word_1_137' title='bbox 934 2743 1025 2827; x_wconf 80' lang='grc' dir='ltr'><strong><em>μέλοι</em></strong></span> <span class='ocrx_word' id='word_1_138' title='bbox 1043 2744 1078 2808; x_wconf 79' lang='grc' dir='ltr'><strong>δέ</strong></span> <span class='ocrx_word' id='word_1_139' title='bbox 1096 2769 1151 2827; x_wconf 80' lang='grc' dir='ltr'><strong>μοι</strong></span> 
     </span>
     <span class='ocr_line' id='line_1_21' title="bbox 173 2859 1149 2945; baseline 0.001 -21"><span class='ocrx_word' id='word_1_140' title='bbox 173 2863 248 2925; x_wconf 76' lang='grc' dir='ltr'><strong><em>αἰὲν</em></strong></span> <span class='ocrx_word' id='word_1_141' title='bbox 264 2859 378 2942; x_wconf 80' lang='grc' dir='ltr'><strong><em>οιόιδὴ,</em></strong></span> <span class='ocrx_word' id='word_1_142' title='bbox 399 2868 440 2945; x_wconf 76' lang='grc' dir='ltr'><strong>τῇ</strong></span> <span class='ocrx_word' id='word_1_143' title='bbox 461 2862 511 2928; x_wconf 67' lang='grc' dir='ltr'><strong>ἔνι</strong></span> <span class='ocrx_word' id='word_1_144' title='bbox 532 2863 591 2942; x_wconf 77' lang='grc' dir='ltr'><strong>μὲν</strong></span> <span class='ocrx_word' id='word_1_145' title='bbox 613 2865 740 2944; x_wconf 79' lang='grc' dir='ltr'><strong><em>Λητοῦς</em></strong></span> <span class='ocrx_word' id='word_1_146' title='bbox 774 2865 874 2942; x_wconf 74' lang='grc' dir='ltr'><strong><em>γάμος</em></strong></span> <span class='ocrx_word' id='word_1_147' title='bbox 892 2861 1035 2934; x_wconf 76' lang='grc' dir='ltr'><strong><em>ἔσσεται,</em></strong></span> <span class='ocrx_word' id='word_1_148' title='bbox 1059 2863 1094 2924; x_wconf 78' lang='grc' dir='ltr'><strong>ἐν</strong></span> <span class='ocrx_word' id='word_1_149' title='bbox 1114 2859 1149 2924; x_wconf 78' lang='grc' dir='ltr'><strong>δὲ</strong></span> 
     </span>
     <span class='ocr_line' id='line_1_22' title="bbox 174 2961 1149 3058; baseline -0.002 -18"><span class='ocrx_word' id='word_1_150' title='bbox 174 2979 213 3041; x_wconf 76' lang='grc' dir='ltr'><em>σύ</em></span> <span class='ocrx_word' id='word_1_151' title='bbox 232 2972 346 3057; x_wconf 71' lang='grc' dir='ltr'><strong><em>πολλή.</em></strong></span> <span class='ocrx_word' id='word_1_152' title='bbox 391 2972 466 3038; x_wconf 85' lang='lat' dir='ltr'><strong>Non</strong></span> <span class='ocrx_word' id='word_1_153' title='bbox 497 2973 596 3058; x_wconf 86' lang='lat' dir='ltr'><strong>igitur</strong></span> <span class='ocrx_word' id='word_1_154' title='bbox 621 2975 675 3040; x_wconf 76' lang='lat' dir='ltr'><strong>aad</strong></span> <span class='ocrx_word' id='word_1_155' title='bbox 697 2976 734 3040; x_wconf 81' lang='lat' dir='ltr'><strong>ad</strong></span> <span class='ocrx_word' id='word_1_156' title='bbox 753 2977 813 3057; x_wconf 74' lang='grc' dir='ltr'><strong>γὰρ</strong></span> <span class='ocrx_word' id='word_1_157' title='bbox 833 2961 895 3038; x_wconf 77' lang='grc' dir='ltr'><strong>ὧδε</strong></span> <span class='ocrx_word' id='word_1_158' title='bbox 916 2973 1080 3056; x_wconf 79' lang='lat' dir='ltr'><strong>eleganter</strong></span> <span class='ocrx_word' id='word_1_159' title='bbox 1097 2973 1149 3038; x_wconf 89' lang='lat' dir='ltr'><strong>in·</strong></span> 
     </span>
     <span class='ocr_line' id='line_1_23' title="bbox 150 3087 1149 3177; baseline -0.001 -21"><span class='ocrx_word' id='word_1_160' title='bbox 150 3145 154 3168; x_wconf 80' lang='grc'><strong>,</strong></span> <span class='ocrx_word' id='word_1_161' title='bbox 174 3091 312 3156; x_wconf 84' lang='lat' dir='ltr'><strong>teriecta</strong></span> <span class='ocrx_word' id='word_1_162' title='bbox 332 3099 423 3170; x_wconf 89' lang='lat' dir='ltr'><strong>sunt,</strong></span> <span class='ocrx_word' id='word_1_163' title='bbox 446 3090 539 3177; x_wconf 91' lang='lat' dir='ltr'><strong>quod</strong></span> <span class='ocrx_word' id='word_1_164' title='bbox 555 3089 709 3155; x_wconf 84' lang='lat' dir='ltr'><strong>Iacobsio</strong></span> <span class='ocrx_word' id='word_1_165' title='bbox 728 3087 877 3168; x_wconf 81' lang='lat' dir='ltr'><strong>videtur,</strong></span> <span class='ocrx_word' id='word_1_166' title='bbox 899 3089 956 3156; x_wconf 83' lang='lat' dir='ltr'><strong>aed</strong></span> <span class='ocrx_word' id='word_1_167' title='bbox 976 3111 1052 3154; x_wconf 89' lang='lat' dir='ltr'><strong>cum</strong></span> <span class='ocrx_word' id='word_1_168' title='bbox 1070 3111 1149 3155; x_wconf 85' lang='lat' dir='ltr'><strong>cae·</strong></span> 
     </span>
     <span class='ocr_line' id='line_1_24' title="bbox 172 3206 1150 3294; baseline -0.004 -20"><span class='ocrx_word' id='word_1_169' title='bbox 172 3209 255 3274; x_wconf 84' lang='lat' dir='ltr'><strong>teris</strong></span> <span class='ocrx_word' id='word_1_170' title='bbox 275 3206 440 3294; x_wconf 87' lang='lat' dir='ltr'><strong>iungenda</strong></span> <span class='ocrx_word' id='word_1_171' title='bbox 473 3235 491 3276; x_wconf 74' lang='lat' dir='ltr'><strong>&lt;r</strong></span> <span class='ocrx_word' id='word_1_172' title='bbox 510 3209 727 3282; x_wconf 81' lang='lat' dir='ltr'><strong>Menecrates,</strong></span> <span class='ocrx_word' id='word_1_173' title='bbox 752 3215 875 3270; x_wconf 87' lang='lat' dir='ltr'><strong>namet</strong></span> <span class='ocrx_word' id='word_1_174' title='bbox 896 3215 932 3270; x_wconf 86' lang='lat' dir='ltr'><strong>tu</strong></span> <span class='ocrx_word' id='word_1_175' title='bbox 951 3207 984 3271; x_wconf 90' lang='lat' dir='ltr'><strong>in</strong></span> <span class='ocrx_word' id='word_1_176' title='bbox 1000 3206 1064 3270; x_wconf 91' lang='lat' dir='ltr'><strong>hac</strong></span> <span class='ocrx_word' id='word_1_177' title='bbox 1082 3217 1150 3271; x_wconf 85' lang='lat' dir='ltr'><strong>ter·</strong></span> 
     </span>
     <span class='ocr_line' id='line_1_25' title="bbox 172 3321 1144 3410; baseline 0.003 -21"><span class='ocrx_word' id='word_1_178' title='bbox 172 3345 211 3389; x_wconf 79' lang='lat' dir='ltr'><strong>ra</strong></span> <span class='ocrx_word' id='word_1_179' title='bbox 241 3343 302 3409; x_wconf 92' lang='lat' dir='ltr'><strong>per</strong></span> <span class='ocrx_word' id='word_1_180' title='bbox 329 3343 467 3408; x_wconf 84' lang='lat' dir='ltr'><strong>parvum</strong></span> <span class='ocrx_word' id='word_1_181' title='bbox 487 3333 612 3410; x_wconf 86' lang='lat' dir='ltr'><strong>tempus</strong></span> <span class='ocrx_word' id='word_1_182' title='bbox 633 3322 756 3400; x_wconf 83' lang='lat' dir='ltr'><strong>vixisti,</strong></span> <span class='ocrx_word' id='word_1_183' title='bbox 790 3321 872 3408; x_wconf 89' lang='lat' dir='ltr'><strong>quid</strong></span> <span class='ocrx_word' id='word_1_184' title='bbox 903 3332 936 3387; x_wconf 89' lang='lat' dir='ltr'><strong>te</strong></span> <span class='ocrx_word' id='word_1_185' title='bbox 963 3323 1144 3392; x_wconf 77' lang='lat' dir='ltr'><strong>occidit?’&#39;</strong></span> 
     </span>
     <span class='ocr_line' id='line_1_26' title="bbox 171 3439 1147 3526; baseline 0.001 -20"><span class='ocrx_word' id='word_1_186' title='bbox 171 3441 265 3524; x_wconf 70' lang='lat' dir='ltr'><strong>quod</strong></span> <span class='ocrx_word' id='word_1_187' title='bbox 289 3439 446 3506; x_wconf 86' lang='lat' dir='ltr'><strong>adverbio</strong></span> <span class='ocrx_word' id='word_1_188' title='bbox 476 3441 609 3526; x_wconf 88' lang='lat' dir='ltr'><strong>proprie</strong></span> <span class='ocrx_word' id='word_1_189' title='bbox 627 3439 869 3506; x_wconf 84' lang='lat' dir='ltr'><strong>enunciandam</strong></span> <span class='ocrx_word' id='word_1_190' title='bbox 891 3439 1022 3519; x_wconf 82' lang='lat' dir='ltr'><strong>fuisset,</strong></span> <span class='ocrx_word' id='word_1_191' title='bbox 1044 3441 1147 3508; x_wconf 66' lang='lat' dir='ltr'><strong>Poeta</strong></span> 
     </span>
     <span class='ocr_line' id='line_1_27' title="bbox 174 3552 1145 3642; baseline 0.007 -22"><span class='ocrx_word' id='word_1_192' title='bbox 174 3557 339 3620; x_wconf 80' lang='lat' dir='ltr'><strong>adiectivo</strong></span> <span class='ocrx_word' id='word_1_193' title='bbox 350 3557 503 3642; x_wconf 87' lang='lat' dir='ltr'><strong>expressit</strong></span> <span class='ocrx_word' id='word_1_194' title='bbox 515 3604 530 3634; x_wconf 83' lang='lat'><strong>,</strong></span> <span class='ocrx_word' id='word_1_195' title='bbox 542 3556 586 3622; x_wconf 94' lang='lat' dir='ltr'><strong>ad</strong></span> <span class='ocrx_word' id='word_1_196' title='bbox 605 3552 738 3622; x_wconf 84' lang='lat' dir='ltr'><strong>verbnm</strong></span> <span class='ocrx_word' id='word_1_197' title='bbox 756 3557 1020 3632; x_wconf 83' lang='lat' dir='ltr'><strong>accommodato.</strong></span> <span class='ocrx_word' id='word_1_198' title='bbox 1044 3559 1098 3624; x_wconf 89' lang='lat' dir='ltr'><strong>Vs.</strong></span> <span class='ocrx_word' id='word_1_199' title='bbox 1111 3561 1145 3628; x_wconf 86' lang='lat'><strong>2.</strong></span> 
     </span>
     <span class='ocr_line' id='line_1_28' title="bbox 174 3671 1143 3760; baseline 0.007 -24"><span class='ocrx_word' id='word_1_200' title='bbox 174 3672 302 3759; x_wconf 80' lang='lat' dir='ltr'><strong>egregie</strong></span> <span class='ocrx_word' id='word_1_201' title='bbox 332 3671 480 3738; x_wconf 84' lang='lat' dir='ltr'><strong>Zedetius</strong></span> <span class='ocrx_word' id='word_1_202' title='bbox 498 3671 607 3758; x_wconf 78' lang='grc' dir='ltr'><strong><em>λῷστε</em></strong></span> <span class='ocrx_word' id='word_1_203' title='bbox 636 3696 698 3760; x_wconf 86' lang='lat' dir='ltr'><strong>pro</strong></span> <span class='ocrx_word' id='word_1_204' title='bbox 727 3674 851 3738; x_wconf 88' lang='lat' dir='ltr'><strong>codicis</strong></span> <span class='ocrx_word' id='word_1_205' title='bbox 876 3674 1016 3740; x_wconf 87' lang='lat' dir='ltr'><strong>lectione</strong></span> <span class='ocrx_word' id='word_1_206' title='bbox 1045 3677 1143 3753; x_wconf 80' lang='grc' dir='ltr'><strong><em>ὥστε,</em></strong></span> 
     </span>
     <span class='ocr_line' id='line_1_29' title="bbox 174 3787 1147 3876; baseline 0.004 -24"><span class='ocrx_word' id='word_1_207' title='bbox 174 3808 262 3874; x_wconf 87' lang='lat' dir='ltr'><strong>quae</strong></span> <span class='ocrx_word' id='word_1_208' title='bbox 282 3787 433 3862; x_wconf 84' lang='lat' dir='ltr'><strong>confusio</strong></span> <span class='ocrx_word' id='word_1_209' title='bbox 455 3798 588 3854; x_wconf 83' lang='lat' dir='ltr'><strong>revocat</strong></span> <span class='ocrx_word' id='word_1_210' title='bbox 610 3791 644 3856; x_wconf 89' lang='lat' dir='ltr'><strong>in</strong></span> <span class='ocrx_word' id='word_1_211' title='bbox 661 3799 801 3865; x_wconf 83' lang='lat' dir='ltr'><strong>mentem</strong></span> <span class='ocrx_word' id='word_1_212' title='bbox 829 3790 1023 3876; x_wconf 85' lang='lat' dir='ltr'><strong>Theognidis</strong></span> <span class='ocrx_word' id='word_1_213' title='bbox 1040 3813 1147 3858; x_wconf 84' lang='lat' dir='ltr'><strong>versus</strong></span> 
     </span>
     <span class='ocr_line' id='line_1_30' title="bbox 174 3906 311 3988; baseline 0.015 -20"><span class='ocrx_word' id='word_1_214' title='bbox 174 3906 311 3988; x_wconf 66' lang='grc' dir='ltr'><strong><em>οὔλας.</em></strong></span> 
     </span>
     <span class='ocr_line' id='line_1_31' title="bbox 224 4013 1055 4110; baseline 0.004 -24"><span class='ocrx_word' id='word_1_215' title='bbox 224 4019 348 4106; x_wconf 77' lang='grc' dir='ltr'><strong><em>Φράζιο</em></strong></span> <span class='ocrx_word' id='word_1_216' title='bbox 371 4013 435 4098; x_wconf 70' lang='grc' dir='ltr'><strong>ἂρ’,</strong></span> <span class='ocrx_word' id='word_1_217' title='bbox 458 4018 604 4096; x_wconf 78' lang='grc' dir='ltr'><strong><em>κίνδυνος</em></strong></span> <span class='ocrx_word' id='word_1_218' title='bbox 628 4023 680 4087; x_wconf 76' lang='grc' dir='ltr'><strong>ἐπὶ</strong></span> <span class='ocrx_word' id='word_1_219' title='bbox 699 4024 791 4110; x_wconf 76' lang='grc' dir='ltr'><strong><em>ξυροῦ</em></strong></span> <span class='ocrx_word' id='word_1_220' title='bbox 807 4025 935 4088; x_wconf 73' lang='grc' dir='ltr'><strong><em>ἵσταται</em></strong></span> <span class='ocrx_word' id='word_1_221' title='bbox 955 4026 1055 4110; x_wconf 75' lang='grc' dir='ltr'><strong><em>α’νμῆς</em></strong></span> 
     </span>
    </p>
   </div>
   <div class='ocr_carea' id='block_1_6' title="bbox 0 0 1470 5126">
    <p class='ocr_par' dir='ltr' id='par_1_8' title="bbox 0 0 1470 5126">
     <span class='ocr_line' id='line_1_32' title="bbox 0 0 1470 5126; baseline 0 4"><span class='ocrx_word' id='word_1_222' title='bbox 0 0 1470 5126; x_wconf 95' lang='lat' dir='ltr'><strong> </strong></span> 
     </span>
    </p>
   </div>
  </div>
 </body>
</html>
