3020 5124
637 529 806 597 ..51-

491 717 518 785 ὥ
539 718 605 786 τῶν
624 722 713 802 delate
732 739 769 800 με
790 709 956 800 φωιαρἱωιι

237 834 304 905 «0
324 855 387 902 vox
410 834 487 910 illa,
510 837 578 922 que
606 853 659 898 me
685 841 791 897 totum
820 831 917 895 ussit'’
939 847 986 894 se.
1005 834 1026 912 η’
1048 831 1142 902 παῖς,
1164 831 1202 890 ot

236 971 284 1018 vo.
302 951 332 1016 1.
353 953 379 1017 ὥ
399 955 465 1017 τῶν
493 948 646 1016 ἀπόλωλα
671 947 799 1024 δικαίως
817 950 937 1032 μηρῶν.
981 943 1118 1029 llosyolt.
1140 946 1202 1008 ort·

238 1083 323 1152 ιραι,
344 1069 506 1149 ruodrut,
529 1064 607 1128 item
624 1069 802 1149 &durarem
822 1069 938 1149 ,θιΙψαι
958 1061 993 1126 E.
1016 1061 1056 1125 ll.
1079 1079 1112 1143 p.
1125 1055 1202 1123 458.

236 1181 292 1248 43.
328 1179 441 1248 schol.
473 1179 573 1267 Soph.
602 1179 679 1247 Ant.
703 1181 799 1246 1021.
824 1185 934 1262 alpem
956 1179 1020 1244 ἐστὶ
1048 1179 1084 1242 τὸ
1104 1175 1205 1261 ἠρέμα

237 1301 440 1385 ὖποσςαῖχιιν.
487 1297 652 1363 Clem.Al.
670 1298 790 1362 Strom.
806 1297 847 1364 V.
857 1296 892 1360 8.
904 1294 959 1361 49.
980 1297 1089 1378 Muros
1109 1317 1142 1356 ra
1160 1294 1206 1375 τῷ

236 1422 380 1502 sapuero
401 1414 525 1498 φλέξαι.
570 1414 624 1483 lls.
639 1413 671 1483 7.
694 1413 800 1478 eodex
823 1412 932 1498 φλωρα
954 1411 1021 1476 sine
1050 1416 1205 1472 accentus

236 1538 318 1598 arola
349 1538 382 1594 et
416 1530 511 1612 ὀπικὴ
558 1529 765 1615 corruptelae
802 1529 893 1615 signo
931 1528 1114 1611 insignitum
1148 1531 1206 1586 est.

237 1645 423 1711 Brunokius
438 1665 478 1709 ex
491 1646 680 1710 coniectura
692 1644 820 1708 Martini
842 1643 969 1728 scripsit
986 1641 1107 1729 χλωρά,
1123 1639 1207 1725 pal-

237 1764 332 1840 lida,
354 1761 506 1848 idemque
523 1764 619 1845 dursrl
640 1761 822 1847 significare
839 1760 942 1825 visum
959 1767 1026 1835 est,
1052 1766 1087 1820 ut
1108 1761 1206 1843 poeta

236 1877 322 1963 illud
338 1897 358 1941 e
375 1878 484 1964 lingua
497 1878 612 1941 Latino
632 1876 841 1942 transtulerit.
873 1873 1040 1940 looobaius
1051 1872 1137 1936 hane
1148 1871 1209 1935 ad-

237 1991 314 2058 ieoit
334 1992 586 2078 explicationem
611 1993 661 2056 «si
674 1991 788 2056 rudior
806 1999 853 2056 est
872 1999 904 2056 et
922 1991 1094 2076 pallidior,
1107 1989 1213 2053 minus

193 2119 196 2132 '
245 2116 352 2174 tamen
373 2105 516 2172 barbara
536 2107 785 2194 eat,minusque
803 2106 1069 2192 decolor,quam
1082 2104 1213 2169 Andro-

237 2224 368 2289 meda.”
413 2224 477 2305 Qui
499 2244 610 2288 omnes
629 2225 765 2288 omuino
783 2225 929 2310 eorporis
944 2225 1083 2287 amasiae
1100 2232 1209 2308 partes

240 2350 410 2427 tamquam
431 2339 665 2426 pulcherrimas
695 2341 875 2416 laudasset,
899 2341 1092 2425 ineptissime
1118 2339 1209 2425 prio-

238 2457 327 2522 ribus
350 2457 445 2521 iaoiei
468 2457 573 2522 minus
598 2457 792 2544 praestantis
818 2455 1029 2544 pallidasque
1055 2455 1210 2522 adiiceret

238 2576 454 2652 mentionem,
489 2583 660 2661 praetores
693 2573 934 2639 Andromedam
971 2575 1118 2640 norimus
1156 2575 1210 2640 lu·

240 2710 349 2769 seam,
371 2690 528 2777 pallidam
562 2711 630 2755 non
654 2690 742 2756 item.
793 2693 877 2756 Hine
908 2690 976 2755 vix'
991 2690 1208 2756 dubitandum

236 2807 364 2893 φλωρα,
388 2807 480 2894 quod
502 2808 538 2871 in
555 2807 677 2872 Codice
697 2803 832 2894 legitur,
857 2827 924 2872 ease
940 2826 1059 2872 nornen
1076 2808 1206 2893 puellae

241 2923 414 2988 Romanae
433 2923 550 2998 Flora,
573 2924 691 3006 Ὀπιιιή
710 2933 818 2987 autem
837 2923 908 3010 ejus
926 2925 1067 3009 petriam
1086 2923 1211 3008 signili·

242 3059 339 3118 core,
354 3041 396 3105 ol.
410 3039 522 3125 steph.
535 3040 612 3125 Byr.
624 3040 769 3118 Ὀπικοί,
787 3043 884 3116 ἔθνος
893 3041 1047 3116 Ἰταλίας.
1070 3041 1211 3118 Εὔδοξος
1341 3057 1343 3063 ’

238 3155 322 3242 ἕκτῳ
361 3163 418 3239 γῆς
453 3155 617 3242 περιόδου·
653 3153 846 3236 γλώσσας
876 3155 1139 3238 συνέμιξαν,
1171 3163 1209 3219 ut

235 3273 363 3355 ὀπίζειιι
374 3271 491 3336 Graeci
510 3271 626 3336 dieunt
646 3269 689 3334 de
704 3270 742 3334 iis
760 3269 817 3354 qui
833 3268 980 3354 imperite
1003 3269 1202 3356 loquuntur,

235 3387 417 3453 seeundum
436 3386 547 3452 Selrol.
561 3389 673 3453 Iuven.
689 3387 749 3451 ΙΙΙ.
763 3386 838 3454 207.
863 3385 1016 3472 idemque
1030 3386 1098 3450 lore
1115 3386 1205 3452 voois

238 3508 396 3592 βάρβαρος
406 3521 630 3589 synonymum.
651 3501 794 3606 Cramer.
809 3501 869 3568 ln.
883 3503 955 3567 Par.
973 3503 1017 3569 Il.
1035 3523 1069 3588 p.
1083 3503 1155 3570 too.
1167 3503 1202 3576 tt

238 3625 284 3695 εἷς
303 3623 359 3686 τὸν
378 3623 478 3684 τόποι
497 3623 607 3686 τοῦτον
625 3625 680 3702 τῆς
698 3621 831 3706 Ὀπικῆς
850 3621 884 3697 ὃς
906 3620 1048 3689 καλεῖται
1066 3629 1202 3694 Λάτιονὲ

237 3734 455 3804 Serilrsndum
475 3734 575 3819 igitur

261 3851 444 3933 aid'Urrurlp
464 3858 540 3926 παῖς
559 3848 695 3936 Φλῶρα,
707 3852 771 3914 ’καὶ
789 3851 845 3918 οὐκ
864 3851 985 3938 ᾄδουσα
996 3859 1036 3919 τὰ
1046 3859 1201 3939 Σαπφοῦς

302 3969 358 4034 aul
376 3973 512 4052 Περσεῦς
532 3967 640 4050 ‘lodie
656 3963 786 4053 ἠράσατ’
807 3968 1039 4054 Ἀιᾷρομέδης.

238 4083 344 4152 Persei
368 4085 516 4169 exemplo
540 4103 574 4150 se
594 4084 740 4152 delendit
760 4083 859 4154 homo
888 4085 1031 4151 Graecus
1055 4087 1147 4171 quod
1166 4097 1199 4154 et

510 4203 514 4211 .
1028 4201 1047 4262 ,Ι
1061 4209 1074 4237 ,
