<?xml version="1.0" encoding="UTF-8"?>
<!DOCTYPE html PUBLIC "-//W3C//DTD XHTML 1.0 Transitional//EN"
    "http://www.w3.org/TR/xhtml1/DTD/xhtml1-transitional.dtd">
<html xmlns="http://www.w3.org/1999/xhtml" xml:lang="en" lang="en">
 <head>
  <title>
</title>
<meta http-equiv="Content-Type" content="text/html;charset=utf-8" />
  <meta name='ocr-system' content='tesseract 3.04.00' />
  <meta name='ocr-capabilities' content='ocr_page ocr_carea ocr_par ocr_line ocrx_word'/>
</head>
<body>
  <div class='ocr_page' id='page_1' title='image "./commentatiocrit00heckgoog_0014.png"; bbox 0 0 3020 5124; ppageno 0'>
   <div class='ocr_carea' id='block_1_1' title="bbox 571 577 746 622">
    <p class='ocr_par' dir='ltr' id='par_1_1' title="bbox 571 577 746 622">
     <span class='ocr_line' id='line_1_1' title="bbox 571 577 746 622; baseline -0.011 0"><span class='ocrx_word' id='word_1_1' title='bbox 571 577 746 622; x_wconf 70' lang='lat' dir='ltr'><em>⁸¹⁸!ss-</em></span> 
     </span>
    </p>
   </div>
   <div class='ocr_carea' id='block_1_2' title="bbox 168 741 1140 1338">
    <p class='ocr_par' dir='ltr' id='par_1_2' title="bbox 168 741 1140 1338">
     <span class='ocr_line' id='line_1_2' title="bbox 182 741 1138 823; baseline -0.002 -9"><span class='ocrx_word' id='word_1_2' title='bbox 182 747 233 814; x_wconf 66' lang='lat' dir='ltr'><em>tis</em></span> <span class='ocrx_word' id='word_1_3' title='bbox 255 767 333 813; x_wconf 83' lang='lat' dir='ltr'><em>eam</em></span> <span class='ocrx_word' id='word_1_4' title='bbox 363 742 552 810; x_wconf 80' lang='lat' dir='ltr'><em>adstruere</em></span> <span class='ocrx_word' id='word_1_5' title='bbox 580 741 1033 823; x_wconf 64' lang='lat' dir='ltr'><em>oecumenicarum:</em></span> <span class='ocrx_word' id='word_1_6' title='bbox 1063 742 1138 812; x_wconf 86' lang='lat' dir='ltr'><em>dis·</em></span> 
     </span>
     <span class='ocr_line' id='line_1_3' title="bbox 179 865 1138 959; baseline -0.002 -19"><span class='ocrx_word' id='word_1_7' title='bbox 179 893 321 940; x_wconf 79' lang='lat' dir='ltr'><em>sensnm</em></span> <span class='ocrx_word' id='word_1_8' title='bbox 333 876 450 938; x_wconf 81' lang='lat' dir='ltr'><em>mitem</em></span> <span class='ocrx_word' id='word_1_9' title='bbox 459 866 584 959; x_wconf 77' lang='lat' dir='ltr'><em>ubique</em></span> <span class='ocrx_word' id='word_1_10' title='bbox 597 865 709 936; x_wconf 88' lang='lat' dir='ltr'><em>libere</em></span> <span class='ocrx_word' id='word_1_11' title='bbox 723 865 938 958; x_wconf 71' lang='lat' dir='ltr'><em>significavi.</em></span> <span class='ocrx_word' id='word_1_12' title='bbox 969 865 1138 938; x_wconf 87' lang='lat' dir='ltr'><em>Omnium</em></span> 
     </span>
     <span class='ocr_line' id='line_1_4' title="bbox 178 989 1140 1086; baseline 0 -22"><span class='ocrx_word' id='word_1_13' title='bbox 178 995 335 1064; x_wconf 84' lang='lat' dir='ltr'><em>locorum</em></span> <span class='ocrx_word' id='word_1_14' title='bbox 368 991 611 1066; x_wconf 84' lang='lat' dir='ltr'><em>mendosorum</em></span> <span class='ocrx_word' id='word_1_15' title='bbox 641 989 812 1060; x_wconf 81' lang='lat' dir='ltr'><em>niedelam</em></span> <span class='ocrx_word' id='word_1_16' title='bbox 840 1010 1047 1086; x_wconf 77' lang='lat' dir='ltr'><em>proponere</em></span> <span class='ocrx_word' id='word_1_17' title='bbox 1076 1019 1140 1064; x_wconf 87' lang='lat' dir='ltr'><em>nec</em></span> 
     </span>
     <span class='ocr_line' id='line_1_5' title="bbox 168 1117 1138 1214; baseline 0.002 -24"><span class='ocrx_word' id='word_1_18' title='bbox 168 1124 294 1214; x_wconf 69' lang='lat' dir='ltr'><em>palisi,</em></span> <span class='ocrx_word' id='word_1_19' title='bbox 326 1146 388 1190; x_wconf 86' lang='lat' dir='ltr'><em>nec</em></span> <span class='ocrx_word' id='word_1_20' title='bbox 409 1117 536 1198; x_wconf 86' lang='lat' dir='ltr'><em>&#39;nolui‚·</em></span> <span class='ocrx_word' id='word_1_21' title='bbox 559 1117 602 1185; x_wconf 85' lang='lat' dir='ltr'><em>icl</em></span> <span class='ocrx_word' id='word_1_22' title='bbox 635 1125 750 1186; x_wconf 87' lang='lat' dir='ltr'><em>autom</em></span> <span class='ocrx_word' id='word_1_23' title='bbox 778 1126 981 1188; x_wconf 72' lang='lat' dir='ltr'><em>constanter</em></span> <span class='ocrx_word' id='word_1_24' title='bbox 1008 1121 1068 1213; x_wconf 81' lang='lat' dir='ltr'><em>egi</em></span> <span class='ocrx_word' id='word_1_25' title='bbox 1097 1129 1138 1192; x_wconf 84' lang='lat' dir='ltr'><em>ul</em></span> 
     </span>
     <span class='ocr_line' id='line_1_6' title="bbox 174 1221 1136 1338; baseline 0.002 -26"><span class='ocrx_word' id='word_1_26' title='bbox 174 1245 321 1314; x_wconf 81' lang='lat' dir='ltr'><em>lectioni</em></span> <span class='ocrx_word' id='word_1_27' title='bbox 340 1243 552 1314; x_wconf 75' lang='lat' dir='ltr'><em>traditionis</em></span> <span class='ocrx_word' id='word_1_28' title='bbox 576 1241 775 1312; x_wconf 72' lang='lat' dir='ltr'><em>stabilitate</em></span> <span class='ocrx_word' id='word_1_29' title='bbox 798 1221 1049 1314; x_wconf 78' lang='lat' dir='ltr'><em>corroboratae</em></span> <span class='ocrx_word' id='word_1_30' title='bbox 1057 1245 1136 1338; x_wconf 83' lang='lat' dir='ltr'><em>fir·</em></span> 
     </span>
    </p>
   </div>
   <div class='ocr_carea' id='block_1_3' title="bbox 175 1367 1249 1462">
    <p class='ocr_par' dir='ltr' id='par_1_3' title="bbox 175 1367 1249 1462">
     <span class='ocr_line' id='line_1_7' title="bbox 175 1367 1249 1462; baseline -0.001 -24"><span class='ocrx_word' id='word_1_31' title='bbox 175 1370 377 1448; x_wconf 80' lang='lat' dir='ltr'><em>miter‚ubi</em></span> <span class='ocrx_word' id='word_1_32' title='bbox 392 1367 576 1462; x_wconf 73' lang='lat' dir='ltr'><em>inplicari</em></span> <span class='ocrx_word' id='word_1_33' title='bbox 583 1375 718 1460; x_wconf 88' lang='lat' dir='ltr'><em>posset,</em></span> <span class='ocrx_word' id='word_1_34' title='bbox 738 1367 993 1448; x_wconf 87' lang='lat' dir='ltr'><em>adbaererem,</em></span> <span class='ocrx_word' id='word_1_35' title='bbox 1014 1371 1049 1438; x_wconf 89' lang='lat' dir='ltr'><em>si</em></span> <span class='ocrx_word' id='word_1_36' title='bbox 1059 1395 1137 1440; x_wconf 89' lang='lat' dir='ltr'><em>cor·</em></span> <span class='ocrx_word' id='word_1_37' title='bbox 1241 1383 1249 1398; x_wconf 89' lang='lat'><strong>·</strong></span> 
     </span>
    </p>
   </div>
   <div class='ocr_carea' id='block_1_4' title="bbox 147 1493 1198 4224">
    <p class='ocr_par' dir='ltr' id='par_1_4' title="bbox 147 1493 1198 4224">
     <span class='ocr_line' id='line_1_8' title="bbox 172 1493 1137 1588; baseline 0.007 -25"><span class='ocrx_word' id='word_1_38' title='bbox 172 1503 325 1587; x_wconf 82' lang='lat' dir='ltr'><em>ruptam</em></span> <span class='ocrx_word' id='word_1_39' title='bbox 346 1520 419 1564; x_wconf 88' lang='lat' dir='ltr'><em>esse</em></span> <span class='ocrx_word' id='word_1_40' title='bbox 432 1493 607 1586; x_wconf 71' lang='lat' dir='ltr'><em>liqueret,</em></span> <span class='ocrx_word' id='word_1_41' title='bbox 625 1515 696 1562; x_wconf 86' lang='lat' dir='ltr'><em>nou</em></span> <span class='ocrx_word' id='word_1_42' title='bbox 713 1495 822 1562; x_wconf 88' lang='lat' dir='ltr'><em>nimis</em></span> <span class='ocrx_word' id='word_1_43' title='bbox 844 1493 947 1588; x_wconf 79' lang='lat' dir='ltr'><em>longe</em></span> <span class='ocrx_word' id='word_1_44' title='bbox 966 1496 1042 1566; x_wconf 90' lang='lat' dir='ltr'><em>eius</em></span> <span class='ocrx_word' id='word_1_45' title='bbox 1057 1519 1137 1570; x_wconf 60' lang='lat' dir='ltr'><em>cos-⁴</em></span> 
     </span>
     <span class='ocr_line' id='line_1_9' title="bbox 171 1613 1135 1713; baseline 0.002 -25"><span class='ocrx_word' id='word_1_46' title='bbox 171 1621 271 1712; x_wconf 79' lang='lat' dir='ltr'><em>tigia</em></span> <span class='ocrx_word' id='word_1_47' title='bbox 291 1619 540 1713; x_wconf 74' lang='lat' dir='ltr'><em>relinquerem.</em></span> <span class='ocrx_word' id='word_1_48' title='bbox 589 1613 672 1686; x_wconf 83' lang='lat' dir='ltr'><em>Hoc</em></span> <span class='ocrx_word' id='word_1_49' title='bbox 698 1619 792 1686; x_wconf 87' lang='lat' dir='ltr'><em>enim</em></span> <span class='ocrx_word' id='word_1_50' title='bbox 805 1621 1135 1711; x_wconf 81' lang='lat' dir='ltr'><em>persuasum&#39;mibi</em></span> 
     </span>
     <span class='ocr_line' id='line_1_10' title="bbox 170 1744 1135 1837; baseline 0.002 -24"><span class='ocrx_word' id='word_1_51' title='bbox 170 1753 248 1824; x_wconf 87' lang='lat' dir='ltr'><em>ost,</em></span> <span class='ocrx_word' id='word_1_52' title='bbox 270 1747 485 1814; x_wconf 81' lang='lat' dir='ltr'><em>coniecturis</em></span> <span class='ocrx_word' id='word_1_53' title='bbox 514 1744 614 1814; x_wconf 85' lang='lat' dir='ltr'><em>ocris</em></span> <span class='ocrx_word' id='word_1_54' title='bbox 638 1751 673 1812; x_wconf 89' lang='lat' dir='ltr'><em>et</em></span> <span class='ocrx_word' id='word_1_55' title='bbox 691 1746 846 1814; x_wconf 84' lang='lat' dir='ltr'><em>maaime</em></span> <span class='ocrx_word' id='word_1_56' title='bbox 866 1745 1135 1837; x_wconf 71' lang='lat' dir='ltr'><em>probabilibus„</em></span> 
     </span>
     <span class='ocr_line' id='line_1_11' title="bbox 167 1866 1133 1964; baseline 0.004 -26"><span class='ocrx_word' id='word_1_57' title='bbox 167 1870 406 1964; x_wconf 81' lang='lat' dir='ltr'><em>reperiendis</em></span> <span class='ocrx_word' id='word_1_58' title='bbox 421 1870 561 1962; x_wconf 86' lang='lat' dir='ltr'><em>ingenii</em></span> <span class='ocrx_word' id='word_1_59' title='bbox 581 1871 633 1946; x_wconf 89' lang='lat' dir='ltr'><em>oi,</em></span> <span class='ocrx_word' id='word_1_60' title='bbox 661 1877 834 1938; x_wconf 87' lang='lat' dir='ltr'><em>accurata</em></span> <span class='ocrx_word' id='word_1_61' title='bbox 882 1866 1043 1947; x_wconf 76' lang='lat' dir='ltr'><em>Graecae</em></span> <span class='ocrx_word' id='word_1_62' title='bbox 1061 1871 1133 1942; x_wconf 85' lang='lat' dir='ltr'><em>lin·</em></span> 
     </span>
     <span class='ocr_line' id='line_1_12' title="bbox 165 1994 1133 2090; baseline 0.001 -26"><span class='ocrx_word' id='word_1_63' title='bbox 165 2019 268 2090; x_wconf 82' lang='lat' dir='ltr'><em>guoe</em></span> <span class='ocrx_word' id='word_1_64' title='bbox 297 1997 338 2064; x_wconf 88' lang='lat' dir='ltr'><em>in</em></span> <span class='ocrx_word' id='word_1_65' title='bbox 376 1996 585 2062; x_wconf 84' lang='lat' dir='ltr'><em>universum</em></span> <span class='ocrx_word' id='word_1_66' title='bbox 616 1994 813 2084; x_wconf 73' lang='lat' dir='ltr'><em>cognitione</em></span> <span class='ocrx_word' id='word_1_67' title='bbox 851 1995 995 2088; x_wconf 84' lang='lat' dir='ltr'><em>eiusque</em></span> <span class='ocrx_word' id='word_1_68' title='bbox 1032 2019 1133 2090; x_wconf 82' lang='lat' dir='ltr'><em>quem</em></span> 
     </span>
     <span class='ocr_line' id='line_1_13' title="bbox 168 2117 1198 2212; baseline 0.002 -22"><span class='ocrx_word' id='word_1_69' title='bbox 168 2129 308 2190; x_wconf 85' lang='lat' dir='ltr'><em>tractes</em></span> <span class='ocrx_word' id='word_1_70' title='bbox 338 2121 533 2212; x_wconf 61' lang='lat' dir='ltr'><em>scrmtoris</em></span> <span class='ocrx_word' id='word_1_71' title='bbox 565 2141 651 2186; x_wconf 86' lang='lat' dir='ltr'><em>usus</em></span> <span class='ocrx_word' id='word_1_72' title='bbox 684 2117 854 2212; x_wconf 81' lang='lat' dir='ltr'><em>diligenti</em></span> <span class='ocrx_word' id='word_1_73' title='bbox 889 2120 1131 2192; x_wconf 82' lang='lat' dir='ltr'><em>obseruatione</em></span> <span class='ocrx_word' id='word_1_74' title='bbox 1185 2189 1198 2208; x_wconf 79' lang='lat'><em>,</em></span> 
     </span>
     <span class='ocr_line' id='line_1_14' title="bbox 166 2244 1130 2339; baseline 0.002 -26"><span class='ocrx_word' id='word_1_75' title='bbox 166 2244 432 2322; x_wconf 85' lang='lat' dir='ltr'><em>accedentibus,</em></span> <span class='ocrx_word' id='word_1_76' title='bbox 459 2245 618 2336; x_wconf 88' lang='lat' dir='ltr'><em>repertis</em></span> <span class='ocrx_word' id='word_1_77' title='bbox 638 2245 826 2336; x_wconf 83' lang='lat' dir='ltr'><em>egregium</em></span> <span class='ocrx_word' id='word_1_78' title='bbox 854 2244 1031 2337; x_wconf 86' lang='lat' dir='ltr'><em>quoddam</em></span> <span class='ocrx_word' id='word_1_79' title='bbox 1051 2246 1130 2339; x_wconf 80' lang='lat' dir='ltr'><em>str-</em></span> 
     </span>
     <span class='ocr_line' id='line_1_15' title="bbox 166 2367 1131 2462; baseline 0.004 -24"><span class='ocrx_word' id='word_1_80' title='bbox 166 2377 386 2440; x_wconf 85' lang='lat' dir='ltr'><em>mamentum</em></span> <span class='ocrx_word' id='word_1_81' title='bbox 404 2393 448 2438; x_wconf 84' lang='lat' dir='ltr'><em>ea</em></span> <span class='ocrx_word' id='word_1_82' title='bbox 468 2368 671 2438; x_wconf 91' lang='lat' dir='ltr'><em>rationibus</em></span> <span class='ocrx_word' id='word_1_83' title='bbox 684 2367 1011 2462; x_wconf 75' lang='lat' dir='ltr'><em>palaeographicis</em></span> <span class='ocrx_word' id='word_1_84' title='bbox 1034 2395 1131 2442; x_wconf 89' lang='lat' dir='ltr'><em>acce·</em></span> 
     </span>
     <span class='ocr_line' id='line_1_16' title="bbox 166 2491 1130 2579; baseline 0.003 -14"><span class='ocrx_word' id='word_1_85' title='bbox 166 2495 259 2566; x_wconf 84' lang='lat' dir='ltr'><em>dere</em></span> <span class='ocrx_word' id='word_1_86' title='bbox 270 2495 393 2564; x_wconf 86' lang='lat' dir='ltr'><em>solere.</em></span> <span class='ocrx_word' id='word_1_87' title='bbox 422 2491 585 2564; x_wconf 86' lang='lat' dir='ltr'><em>Codicem</em></span> <span class='ocrx_word' id='word_1_88' title='bbox 595 2491 807 2563; x_wconf 81' lang='lat' dir='ltr'><em>Vaticanum</em></span> <span class='ocrx_word' id='word_1_89' title='bbox 817 2495 892 2563; x_wconf 87' lang='lat' dir='ltr'><em>siue</em></span> <span class='ocrx_word' id='word_1_90' title='bbox 900 2491 1130 2579; x_wconf 88' lang='lat' dir='ltr'><em>Palatinum,</em></span> 
     </span>
     <span class='ocr_line' id='line_1_17' title="bbox 163 2617 1130 2714; baseline -0.001 -22"><span class='ocrx_word' id='word_1_91' title='bbox 163 2624 242 2692; x_wconf 88' lang='lat' dir='ltr'><em>nisi</em></span> <span class='ocrx_word' id='word_1_92' title='bbox 256 2623 466 2714; x_wconf 84' lang='lat' dir='ltr'><em>antiquiora</em></span> <span class='ocrx_word' id='word_1_93' title='bbox 487 2628 522 2690; x_wconf 87' lang='lat' dir='ltr'><em>ot</em></span> <span class='ocrx_word' id='word_1_94' title='bbox 531 2618 683 2688; x_wconf 84' lang='lat' dir='ltr'><em>meliora</em></span> <span class='ocrx_word' id='word_1_95' title='bbox 697 2617 859 2687; x_wconf 75' lang='lat' dir='ltr'><em>adessent</em></span> <span class='ocrx_word' id='word_1_96' title='bbox 876 2619 1055 2700; x_wconf 88' lang='lat' dir='ltr'><em>subsidia,</em></span> <span class='ocrx_word' id='word_1_97' title='bbox 1068 2645 1130 2692; x_wconf 87' lang='lat' dir='ltr'><em>su·</em></span> 
     </span>
     <span class='ocr_line' id='line_1_18' title="bbox 162 2740 1130 2841; baseline 0.003 -26"><span class='ocrx_word' id='word_1_98' title='bbox 162 2747 387 2839; x_wconf 85' lang='lat' dir='ltr'><em>spicionibus</em></span> <span class='ocrx_word' id='word_1_99' title='bbox 395 2744 781 2841; x_wconf 70' lang='lat' dir='ltr'><em>fundamentumfhei;</em></span> <span class='ocrx_word' id='word_1_100' title='bbox 805 2740 994 2812; x_wconf 87' lang='lat' dir='ltr'><em>Planudoe</em></span> <span class='ocrx_word' id='word_1_101' title='bbox 1013 2757 1130 2818; x_wconf 86' lang='lat' dir='ltr'><em>autem</em></span> 
     </span>
     <span class='ocr_line' id='line_1_19' title="bbox 162 2865 1130 2964; baseline 0.004 -23"><span class='ocrx_word' id='word_1_102' title='bbox 162 2874 392 2941; x_wconf 87' lang='lat' dir='ltr'><em>coniecturas</em></span> <span class='ocrx_word' id='word_1_103' title='bbox 405 2870 618 2964; x_wconf 87' lang='lat' dir='ltr'><em>plerumque</em></span> <span class='ocrx_word' id='word_1_104' title='bbox 638 2893 701 2938; x_wconf 90' lang='lat' dir='ltr'><em>nec</em></span> <span class='ocrx_word' id='word_1_105' title='bbox 720 2865 828 2938; x_wconf 82' lang='lat' dir='ltr'><em>ceros</em></span> <span class='ocrx_word' id='word_1_106' title='bbox 846 2893 909 2938; x_wconf 87' lang='lat' dir='ltr'><em>nec</em></span> <span class='ocrx_word' id='word_1_107' title='bbox 928 2880 1036 2964; x_wconf 85' lang='lat' dir='ltr'><em>aptos</em></span> <span class='ocrx_word' id='word_1_108' title='bbox 1055 2899 1130 2945; x_wconf 89' lang='lat' dir='ltr'><em>csse</em></span> 
     </span>
     <span class='ocr_line' id='line_1_20' title="bbox 164 2995 1129 3088; baseline 0.004 -22"><span class='ocrx_word' id='word_1_109' title='bbox 164 2998 415 3066; x_wconf 79' lang='lat' dir='ltr'><em>demonstravi</em></span> <span class='ocrx_word' id='word_1_110' title='bbox 425 3021 438 3076; x_wconf 90' lang='lat'><em>,·</em></span> <span class='ocrx_word' id='word_1_111' title='bbox 459 3004 494 3063; x_wconf 86' lang='lat' dir='ltr'><em>ot</em></span> <span class='ocrx_word' id='word_1_112' title='bbox 512 3005 594 3064; x_wconf 86' lang='lat' dir='ltr'><em>erat</em></span> <span class='ocrx_word' id='word_1_113' title='bbox 615 2998 677 3063; x_wconf 89' lang='lat' dir='ltr'><em>oir</em></span> <span class='ocrx_word' id='word_1_114' title='bbox 698 2995 760 3063; x_wconf 85' lang='lat' dir='ltr'><em>ille</em></span> <span class='ocrx_word' id='word_1_115' title='bbox 777 2997 934 3088; x_wconf 85' lang='lat' dir='ltr'><em>optimus</em></span> <span class='ocrx_word' id='word_1_116' title='bbox 963 3002 1129 3070; x_wconf 86' lang='lat' dir='ltr'><em>castitate</em></span> 
     </span>
     <span class='ocr_line' id='line_1_21' title="bbox 159 3121 1129 3220; baseline 0.002 -28"><span class='ocrx_word' id='word_1_117' title='bbox 159 3134 198 3194; x_wconf 89' lang='lat' dir='ltr'><em>et</em></span> <span class='ocrx_word' id='word_1_118' title='bbox 221 3126 363 3220; x_wconf 79' lang='lat' dir='ltr'><em>pietate</em></span> <span class='ocrx_word' id='word_1_119' title='bbox 401 3123 441 3188; x_wconf 93' lang='lat' dir='ltr'><em>in</em></span> <span class='ocrx_word' id='word_1_120' title='bbox 467 3122 601 3214; x_wconf 82' lang='lat' dir='ltr'><em>paucis</em></span> <span class='ocrx_word' id='word_1_121' title='bbox 635 3121 812 3213; x_wconf 82' lang='lat' dir='ltr'><em>insignis,</em></span> <span class='ocrx_word' id='word_1_122' title='bbox 850 3123 946 3189; x_wconf 89' lang='lat' dir='ltr'><em>ortis</em></span> <span class='ocrx_word' id='word_1_123' title='bbox 979 3127 1129 3194; x_wconf 86' lang='lat' dir='ltr'><em>criticae</em></span> 
     </span>
     <span class='ocr_line' id='line_1_22' title="bbox 162 3241 1127 3340; baseline 0.002 -24"><span class='ocrx_word' id='word_1_124' title='bbox 162 3252 313 3330; x_wconf 81' lang='lat' dir='ltr'><em>ruiniaco</em></span> <span class='ocrx_word' id='word_1_125' title='bbox 326 3243 481 3340; x_wconf 82' lang='lat' dir='ltr'><em>peritus.</em></span> <span class='ocrx_word' id='word_1_126' title='bbox 531 3241 591 3314; x_wconf 80' lang='lat' dir='ltr'><em>Ad</em></span> <span class='ocrx_word' id='word_1_127' title='bbox 604 3245 696 3314; x_wconf 88' lang='lat' dir='ltr'><em>alios</em></span> <span class='ocrx_word' id='word_1_128' title='bbox 713 3245 913 3337; x_wconf 80' lang='lat' dir='ltr'><em>scriptores</em></span> <span class='ocrx_word' id='word_1_129' title='bbox 933 3249 1127 3319; x_wconf 82' lang='lat' dir='ltr'><em>rarissime</em></span> 
     </span>
     <span class='ocr_line' id='line_1_23' title="bbox 159 3369 1127 3467; baseline 0.001 -22"><span class='ocrx_word' id='word_1_130' title='bbox 159 3375 337 3452; x_wconf 78' lang='lat' dir='ltr'><em>cacurri,</em></span> <span class='ocrx_word' id='word_1_131' title='bbox 348 3398 390 3442; x_wconf 89' lang='lat' dir='ltr'><em>ne</em></span> <span class='ocrx_word' id='word_1_132' title='bbox 405 3397 526 3444; x_wconf 88' lang='lat' dir='ltr'><em>eorum</em></span> <span class='ocrx_word' id='word_1_133' title='bbox 541 3371 703 3467; x_wconf 85' lang='lat' dir='ltr'><em>quidem,</em></span> <span class='ocrx_word' id='word_1_134' title='bbox 720 3393 807 3466; x_wconf 81' lang='lat' dir='ltr'><em>quae</em></span> <span class='ocrx_word' id='word_1_135' title='bbox 820 3372 862 3441; x_wconf 87' lang='lat' dir='ltr'><em>de</em></span> <span class='ocrx_word' id='word_1_136' title='bbox 876 3369 1127 3446; x_wconf 81' lang='lat' dir='ltr'><em>Callimacleiis</em></span> 
     </span>
     <span class='ocr_line' id='line_1_24' title="bbox 159 3498 1126 3596; baseline -0.012 -25"><span class='ocrx_word' id='word_1_137' title='bbox 159 3501 336 3594; x_wconf 83' lang='lat' dir='ltr'><em>reliquiis</em></span> <span class='ocrx_word' id='word_1_138' title='bbox 366 3501 514 3568; x_wconf 86' lang='lat' dir='ltr'><em>uberius</em></span> <span class='ocrx_word' id='word_1_139' title='bbox 544 3498 732 3592; x_wconf 85' lang='lat' dir='ltr'><em>disputata</em></span> <span class='ocrx_word' id='word_1_140' title='bbox 762 3508 861 3578; x_wconf 88' lang='lat' dir='ltr'><em>sunt,</em></span> <span class='ocrx_word' id='word_1_141' title='bbox 887 3503 1126 3596; x_wconf 66' lang='lat' dir='ltr'><em>pafferendo.</em></span> 
     </span>
     <span class='ocr_line' id='line_1_25' title="bbox 156 3625 1126 3724; baseline 0.001 -28"><span class='ocrx_word' id='word_1_142' title='bbox 156 3651 250 3696; x_wconf 88' lang='lat' dir='ltr'><em>rum</em></span> <span class='ocrx_word' id='word_1_143' title='bbox 270 3627 487 3694; x_wconf 79' lang='lat' dir='ltr'><em>occasionem</em></span> <span class='ocrx_word' id='word_1_144' title='bbox 504 3647 584 3694; x_wconf 87' lang='lat' dir='ltr'><em>sum</em></span> <span class='ocrx_word' id='word_1_145' title='bbox 604 3632 821 3718; x_wconf 85' lang='lat' dir='ltr'><em>aucupatus,</em></span> <span class='ocrx_word' id='word_1_146' title='bbox 847 3625 911 3694; x_wconf 89' lang='lat' dir='ltr'><em>sed</em></span> <span class='ocrx_word' id='word_1_147' title='bbox 926 3626 1046 3697; x_wconf 87' lang='lat' dir='ltr'><em>oblata</em></span> <span class='ocrx_word' id='word_1_148' title='bbox 1064 3654 1126 3724; x_wconf 87' lang='lat' dir='ltr'><em>op-</em></span> 
     </span>
     <span class='ocr_line' id='line_1_26' title="bbox 147 3752 1051 3850; baseline 0 -28"><span class='ocrx_word' id='word_1_149' title='bbox 147 3752 388 3850; x_wconf 81' lang='lat' dir='ltr'><em>portunitate</em></span> <span class='ocrx_word' id='word_1_150' title='bbox 409 3773 494 3818; x_wconf 86' lang='lat' dir='ltr'><em>usus</em></span> <span class='ocrx_word' id='word_1_151' title='bbox 513 3773 609 3830; x_wconf 82' lang='lat' dir='ltr'><em>surn,</em></span> <span class='ocrx_word' id='word_1_152' title='bbox 632 3758 672 3819; x_wconf 91' lang='lat' dir='ltr'><em>ut</em></span> <span class='ocrx_word' id='word_1_153' title='bbox 683 3753 881 3842; x_wconf 77' lang='lat' dir='ltr'><em>promissis</em></span> <span class='ocrx_word' id='word_1_154' title='bbox 906 3760 1051 3822; x_wconf 88' lang='lat' dir='ltr'><em>starem.</em></span> 
     </span>
     <span class='ocr_line' id='line_1_27' title="bbox 215 3874 1127 3974; baseline 0.01 -31"><span class='ocrx_word' id='word_1_155' title='bbox 215 3875 448 3974; x_wconf 72' lang='lat' dir='ltr'><em>Quaecunque</em></span> <span class='ocrx_word' id='word_1_156' title='bbox 467 3874 612 3970; x_wconf 87' lang='lat' dir='ltr'><em>denique</em></span> <span class='ocrx_word' id='word_1_157' title='bbox 641 3875 735 3945; x_wconf 90' lang='lat' dir='ltr'><em>libro</em></span> <span class='ocrx_word' id='word_1_158' title='bbox 761 3883 881 3944; x_wconf 88' lang='lat' dir='ltr'><em>nostro</em></span> <span class='ocrx_word' id='word_1_159' title='bbox 900 3879 1127 3970; x_wconf 84' lang='lat' dir='ltr'><em>impendeant</em></span> 
     </span>
     <span class='ocr_line' id='line_1_28' title="bbox 154 4001 1124 4095; baseline 0.005 -24"><span class='ocrx_word' id='word_1_160' title='bbox 154 4005 265 4090; x_wconf 77' lang='lat' dir='ltr'><em>fata,</em></span> <span class='ocrx_word' id='word_1_161' title='bbox 291 4003 360 4070; x_wconf 88' lang='lat' dir='ltr'><em>etsi</em></span> <span class='ocrx_word' id='word_1_162' title='bbox 378 4003 709 4095; x_wconf 84' lang='lat' dir='ltr'><em>meamonimopcre</em></span> <span class='ocrx_word' id='word_1_163' title='bbox 727 4001 867 4093; x_wconf 64' lang='lat' dir='ltr'><em>refferot</em></span> <span class='ocrx_word' id='word_1_164' title='bbox 886 4025 969 4071; x_wconf 91' lang='lat' dir='ltr'><em>num</em></span> <span class='ocrx_word' id='word_1_165' title='bbox 989 4005 1124 4076; x_wconf 88' lang='lat' dir='ltr'><em>inlelli-</em></span> 
     </span>
     <span class='ocr_line' id='line_1_29' title="bbox 147 4125 1124 4224; baseline 0 -24"><span class='ocrx_word' id='word_1_166' title='bbox 147 4135 285 4224; x_wconf 80' lang='lat' dir='ltr'><em>gentes</em></span> <span class='ocrx_word' id='word_1_167' title='bbox 306 4125 436 4196; x_wconf 85' lang='lat' dir='ltr'><em>borum</em></span> <span class='ocrx_word' id='word_1_168' title='bbox 458 4147 581 4196; x_wconf 88' lang='lat' dir='ltr'><em>rerum</em></span> <span class='ocrx_word' id='word_1_169' title='bbox 600 4127 738 4196; x_wconf 84' lang='lat' dir='ltr'><em>arbitri</em></span> <span class='ocrx_word' id='word_1_170' title='bbox 751 4149 898 4220; x_wconf 87' lang='lat' dir='ltr'><em>operam</em></span> <span class='ocrx_word' id='word_1_171' title='bbox 910 4150 1024 4212; x_wconf 88' lang='lat' dir='ltr'><em>meam</em></span> <span class='ocrx_word' id='word_1_172' title='bbox 1044 4131 1124 4215; x_wconf 82' lang='lat' dir='ltr'><em>fru·</em></span> 
     </span>
    </p>
   </div>
   <div class='ocr_carea' id='block_1_5' title="bbox 0 0 1514 5124">
    <p class='ocr_par' dir='ltr' id='par_1_5' title="bbox 0 0 1514 5124">
     <span class='ocr_line' id='line_1_30' title="bbox 0 0 1514 5124; baseline 0 5"><span class='ocrx_word' id='word_1_173' title='bbox 0 0 1514 5124; x_wconf 95' lang='lat' dir='ltr'><em> </em></span> 
     </span>
    </p>
   </div>
  </div>
 </body>
</html>
