3020 5124
704 508 877 577 ..30—

313 737 317 746 ·
352 698 397 764 Vs
423 695 456 767 6.
483 695 592 761 Codex
614 699 647 763 lx
667 697 840 772 σπατάλοις
851 742 861 776 ,
883 691 970 757 uude
989 692 1087 781 vulgo
1107 689 1277 778 legebatur

308 817 344 882 is
357 815 538 900 στοτάληο,
553 812 683 878 illudar
695 809 1138 878 Boissouadiiconiecturaiu
1152 809 1274 876 Delect.

309 931 419 1018 Epigr.
438 932 561 1017 recepit
571 930 755 1008 lacobsius¹
778 930 836 1016 qui
853 949 915 1016 pru
932 928 1172 1012 ἀλεγιζόμινον,
1190 945 1278 1012 quae

309 1046 415 1111 forma
446 1047 569 1112 Graeca
601 1067 669 1112 ucu
701 1055 749 1110 est
787 1055 819 1110 et
856 1045 909 1110 hic
947 1065 1072 1110 sensum
1101 1042 1276 1129 pervertit,

310 1163 450 1228 coniecit
467 1163 695 1246 a‘ylut'cuprmv
711 1163 761 1227 vel
778 1161 1034 1247 μεγαλιζόμενοο.
1052 1157 1197 1234 Brunck.
1214 1157 1281 1225 δὼ-

311 1307 375 1368 ρων
396 1279 544 1346 dederat.
588 1279 757 1366 Scripsisse
774 1279 902 1344 videtur
924 1277 1066 1342 Rufinus

377 1395 488 1482 (impete
506 1401 542 1464 ἐν
561 1394 734 1470 σποιτάλοιο
753 1399 808 1462 crin
829 1394 1081 1479 ἀλογιζομέναις.

311 1512 530 1582 «Ancillulae
562 1511 732 1575 luxuriosis
764 1509 860 1577 donis
889 1531 957 1576 non
976 1515 1229 1594 corrumpuntur
1247 1509 1283 1570 et

310 1625 471 1714 superbae
482 1628 517 1693 in
530 1635 690 1692 amatores
708 1626 835 1706 fiunt,'’
856 1625 899 1692 de
918 1627 1103 1714 ἀλογίζομοιι
1124 1623 1204 1692 dixit
1217 1624 1284 1692 tu·-

310 1743 409 1814 beulr.
434 1742 555 1830 Phryn.
581 1765 617 1829 p.
636 1743 712 1810 aut.

355 1858 572 1925 Callimachus
599 1879 674 1944 cap.
693 1859 752 1926 23.

314 2017 320 2024 -
378 1978 484 2050 Οὕτως
503 1977 684 2052 ὑπνώσσεις,
709 1977 910 2051 Κωνώπιον,
935 1978 980 2051 cia
998 1977 1050 2058 ἐμὲ
1070 1981 1172 2048 ποιεῖς

422 2097 595 2173 κοιμᾶσθαι
615 2097 749 2178 ψυχροῖς
772 2090 872 2166 rotem
893 2094 982 2176 παρὰ
1002 2095 1187 2175 προθύροιο.

316 2227 319 2236 “
381 2209 478 2282 οὕτως
499 2209 682 2286 ὑπνώσσεις,
704 2205 905 2292 ἀδικωτάτη,
928 2210 971 2283 ὥς
994 2210 1051 2274 τὸν
1070 2211 1205 2292 ἐραστὴν

423 2324 592 2409 κοιμίζεις·
618 2322 708 2390 ἐλέου
729 2323 760 2389 d*
778 2324 849 2391 οὐδ’·
868 2329 945 2409 ὄναρ
963 2326 1125 2408 ἡντίοισοις.
1198 2367 1201 2372 -

381 2442 520 2522 γείτονες
540 2441 741 2526 οἷκτάρονσι,
765 2443 801 2506 σι)
817 2440 845 2506 δ’
866 2441 932 2507 οὐδ’
947 2444 1036 2525 ὄναρ.
1056 2438 1187 2524 η’πολιὴ
1206 2438 1244 2506 δὲ

425 2556 527 2622 αὐτίκ’
551 2558 726 2639 ἀναμνήσει
747 2562 847 2628 ταῦτά
865 2579 897 2622 σε
914 2563 1023 2624 πάντα
1043 2561 1133 2642 κόμη.

361 2671 417 2739 Vs.
436 2671 470 2740 t.
498 2669 591 2757 quod
619 2671 737 2758 legitur
759 2671 1069 2755 ἐλέου-ἠντίαοοις
1097 2671 1176 2735 nibil
1197 2669 1288 2737 aliud

318 2787 501 2874 significare
526 2794 652 2874 potest,
688 2807 789 2873 quam
822 2789 1018 2854 «neminem
1048 2809 1206 2874 umquam
1240 2788 1287 2853 tui

318 2903 491 2969 miseruit”
525 2902 618 2990 quod
647 2924 748 2990 quam
778 2905 927 2991 ineptum·
955 2907 1010 2984 sit,
1044 2906 1182 2970 sentiens
1206 2926 1292 2970 uuus

319 3021 466 3088 Boisscu.
481 3019 526 3086 ad
539 3020 718 3089 Herodian.
735 3045 770 3109 p.
780 3023 856 3088 235.
870 3023 913 3087 ad
924 3022 1048 3090 Callim.
1067 3045 1101 3109 p.
1120 3021 1192 3088 193.
1211 3041 1286 3086 cor-

319 3138 395 3225 rigit
433 3140 569 3223 ἠντίασοι
604 3160 820 3226 «numquam
853 3149 886 3206 te
914 3141 977 3203 mei
1007 3140 1179 3204 miseruit”
1217 3159 1290 3224 quc

318 3257 459 3320 admisso
478 3255 590 3319 eadem
609 3257 766 3319 sententia
788 3277 834 3320 rs.
846 3257 879 3323 5.
902 3255 969 3318 lere
986 3253 1099 3320 iisdem
1119 3253 1225 3320 verbis
1237 3274 1290 3318 re·

321 3373 453 3457 petitur.
498 3369 714 3434 Membrorum
734 3370 900 3455 parilitas,
933 3391 999 3457 qua
1030 3371 1144 3436 eadem
1164 3372 1296 3458 puellae

322 3489 521 3573 imprecatur
538 3481 638 3570 pce‘ta
668 3505 754 3572 quae
774 3487 843 3572 ipse
868 3487 935 3552 eius
952 3487 1069 3554 duritie
1089 3488 1291 3575 perpetitur,

322 3603 425 3667 dubio
445 3601 554 3667 eximit
571 3611 716 3668 uestram
739 3605 964 3670 coniecturam

347 3724 454 3796 Οὕτως
473 3722 654 3797 ὑπνώσσεις,
679 3720 881 3807 ἀδικωτάτη,
901 3727 946 3798 uie
962 3726 1017 3790 τὸν
1039 3726 1173 3811 ἐραστὴν

391 3837 558 3921 κοιμίζεις,
583 3835 675 3904 ἐλέου
690 3837 721 3903 d'
745 3838 810 3905 οὐδ’
834 3843 915 3925 ὄνοιρ
937 3843 1115 3918 ἀντιάσαις.

370 3951 510 4018 Rufinus
539 3973 613 4038 cap.
634 3954 688 4022 27.
907 4021 910 4030 ,

350 4071 486 4152 natast
507 4076 616 4148 κεῖνοι,
639 4067 807 4150 Μέλισσα,
829 4075 871 4147 τὰ
891 4075 1004 4160 χρύσεοι
1022 4073 1076 4138 eal
1093 4074 1252 4161 περίοπτοι
1275 4112 1283 4138 ι
